
<marc:record><marc:leader>02265cas a2200493   4500</marc:leader>
<marc:controlfield tag="001">000078150</marc:controlfield>
<marc:controlfield tag="005">20241216093511.0</marc:controlfield><marc:controlfield tag="008">761209d19uu19uumiubr pb r   f0   a0eng d</marc:controlfield><marc:datafield tag="035" ind1="9" ind2=" "><marc:subfield code="a">gp^80000640</marc:subfield></marc:datafield><marc:datafield tag="035" ind1=" " ind2=" "><marc:subfield code="a">(OCoLC)2608766</marc:subfield></marc:datafield><marc:datafield tag="040" ind1=" " ind2=" "><marc:subfield code="a">COO</marc:subfield><marc:subfield code="b">eng</marc:subfield><marc:subfield code="c">COO</marc:subfield><marc:subfield code="d">GPO</marc:subfield><marc:subfield code="d">OCL</marc:subfield><marc:subfield code="d">QE2</marc:subfield><marc:subfield code="d">OCLCF</marc:subfield><marc:subfield code="d">OCLCO</marc:subfield><marc:subfield code="d">MTG</marc:subfield><marc:subfield code="d">HCO</marc:subfield><marc:subfield code="d">VA@</marc:subfield><marc:subfield code="d">OCLCQ</marc:subfield><marc:subfield code="d">OCLCO</marc:subfield><marc:subfield code="d">OCLCQ</marc:subfield><marc:subfield code="d">OCLCO</marc:subfield><marc:subfield code="d">OCLCL</marc:subfield><marc:subfield code="d">OCLCO</marc:subfield><marc:subfield code="d">GPO</marc:subfield></marc:datafield><marc:datafield tag="074" ind1=" " ind2=" "><marc:subfield code="a">0314-A-1 (MF)</marc:subfield></marc:datafield><marc:datafield tag="086" ind1="0" ind2=" "><marc:subfield code="a">D 7.6/2:4-3</marc:subfield></marc:datafield><marc:datafield tag="086" ind1="0" ind2=" "><marc:subfield code="a">D 7.6/2-2:4-3</marc:subfield></marc:datafield><marc:datafield tag="086" ind1="0" ind2=" "><marc:subfield code="a">D 7.6/2:4-3/6</marc:subfield></marc:datafield><marc:datafield tag="110" ind1="2" ind2=" "><marc:subfield code="a">Defense Logistics Services Center (U.S.).</marc:subfield></marc:datafield><marc:datafield tag="245" ind1="1" ind2="0"><marc:subfield code="a">Federal supply code for manufacturers, excluding United States and Canada.</marc:subfield><marc:subfield code="p">Name to code/code to name.</marc:subfield></marc:datafield><marc:datafield tag="246" ind1="1" ind2="0"><marc:subfield code="a">NATO supply code for manufacturers</marc:subfield></marc:datafield><marc:datafield tag="260" ind1=" " ind2=" "><marc:subfield code="a">Battle Creek, Mich.,</marc:subfield><marc:subfield code="b">U.S. Dept. of Defense, Defense Supply Agency, Defense Logistics Services Center [for sale by the Supt. of Docs., U.S. Govt. Print Off.]</marc:subfield></marc:datafield><marc:datafield tag="300" ind1=" " ind2=" "><marc:subfield code="a">microfiches ;</marc:subfield><marc:subfield code="c">11 x 15 cm</marc:subfield></marc:datafield><marc:datafield tag="310" ind1=" " ind2=" "><marc:subfield code="a">Bimonthly,</marc:subfield><marc:subfield code="b">19 -</marc:subfield></marc:datafield><marc:datafield tag="336" ind1=" " ind2=" "><marc:subfield code="a">text</marc:subfield><marc:subfield code="b">txt</marc:subfield><marc:subfield code="2">rdacontent</marc:subfield></marc:datafield><marc:datafield tag="337" ind1=" " ind2=" "><marc:subfield code="a">unmediated</marc:subfield><marc:subfield code="b">n</marc:subfield><marc:subfield code="2">rdamedia</marc:subfield></marc:datafield><marc:datafield tag="321" ind1=" " ind2=" "><marc:subfield code="a">Issued as basic manual with quarterly cumulative supplements,</marc:subfield><marc:subfield code="b">19</marc:subfield></marc:datafield><marc:datafield tag="490" ind1="1" ind2=" "><marc:subfield code="a">Cataloging handbook ;</marc:subfield><marc:subfield code="v">H 4-3</marc:subfield></marc:datafield><marc:datafield tag="490" ind1="1" ind2=" "><marc:subfield code="a">Department of the Army supply bulletin ;</marc:subfield><marc:subfield code="v">SB 708-43</marc:subfield></marc:datafield><marc:datafield tag="490" ind1="1" ind2=" "><marc:subfield code="a">GSA-FSS ;</marc:subfield><marc:subfield code="v">H 4-3</marc:subfield></marc:datafield><marc:datafield tag="500" ind1=" " ind2=" "><marc:subfield code="a">Title from label.</marc:subfield></marc:datafield><marc:datafield tag="500" ind1=" " ind2=" "><marc:subfield code="a">Title on microfiche: NATO supply code for manufacturers.</marc:subfield></marc:datafield><marc:datafield tag="520" ind1=" " ind2=" "><marc:subfield code="a">Contains only assigned codes to manufacturers outside the U.S. and Canada for items procurred by the NATO members nations.</marc:subfield></marc:datafield><marc:datafield tag="650" ind1=" " ind2="0"><marc:subfield code="a">Manufactures</marc:subfield><marc:subfield code="v">Directories.</marc:subfield></marc:datafield><marc:datafield tag="650" ind1=" " ind2="7"><marc:subfield code="a">Manufactures</marc:subfield><marc:subfield code="2">fast</marc:subfield><marc:subfield code="0">(OCoLC)fst01007993</marc:subfield></marc:datafield><marc:datafield tag="655" ind1=" " ind2="7"><marc:subfield code="a">Directories</marc:subfield><marc:subfield code="2">fast</marc:subfield><marc:subfield code="0">(OCoLC)fst01423796</marc:subfield></marc:datafield><marc:datafield tag="655" ind1=" " ind2="7"><marc:subfield code="a">Directories.</marc:subfield><marc:subfield code="2">lcgft</marc:subfield></marc:datafield><marc:datafield tag="710" ind1="2" ind2=" "><marc:subfield code="a">Defense Logistics Services Center (U.S.).</marc:subfield><marc:subfield code="t">NATO supply code for manufacturers.</marc:subfield></marc:datafield><marc:datafield tag="760" ind1="0" ind2=" "><marc:subfield code="t">Cataloging handbook H4-3</marc:subfield></marc:datafield><marc:datafield tag="760" ind1="0" ind2=" "><marc:subfield code="a">United States. Department of the Army.</marc:subfield><marc:subfield code="t">Supply bulletin SB 708-43</marc:subfield></marc:datafield><marc:datafield tag="760" ind1="0" ind2=" "><marc:subfield code="a">United States. General Service Administration.</marc:subfield><marc:subfield code="t">GSA FSS H4-3</marc:subfield></marc:datafield><marc:datafield tag="785" ind1="0" ind2="0"><marc:subfield code="t">NATO supply code for manufacturers, excluding U.S. and Canada. Name to code/code to name</marc:subfield><marc:subfield code="w">(OCoLC)5520263</marc:subfield></marc:datafield><marc:datafield tag="810" ind1="2" ind2=" "><marc:subfield code="a">Defense Logistics Services Center (U.S.).</marc:subfield><marc:subfield code="t">Cataloging handbook ;</marc:subfield><marc:subfield code="v">H 4-3.</marc:subfield></marc:datafield><marc:datafield tag="994" ind1=" " ind2=" "><marc:subfield code="a">C0</marc:subfield><marc:subfield code="b">GPO</marc:subfield></marc:datafield><marc:datafield tag="049" ind1=" " ind2=" "><marc:subfield code="a">GPOO</marc:subfield></marc:datafield><marc:datafield tag="955" ind1=" " ind2=" "><marc:subfield code="a">bc72 20241216</marc:subfield></marc:datafield><marc:datafield tag="922" ind1=" " ind2=" "><marc:subfield code="a">CONSERCHANGED</marc:subfield><marc:subfield code="b">20241216</marc:subfield></marc:datafield></marc:record>