
<marc:record><marc:leader>03482cas a2200589 a 4500</marc:leader>
<marc:controlfield tag="001">000283061</marc:controlfield>
<marc:controlfield tag="005">20241203114630.0</marc:controlfield><marc:controlfield tag="008">750824d19671987dcuqr p      f0   a0eng c</marc:controlfield><marc:datafield tag="010" ind1=" " ind2=" "><marc:subfield code="a">79648817</marc:subfield></marc:datafield><marc:datafield tag="022" ind1="0" ind2=" "><marc:subfield code="a">0011-7595</marc:subfield><marc:subfield code="l">0011-7595</marc:subfield><marc:subfield code="z">0041-7599</marc:subfield><marc:subfield code="2">1</marc:subfield></marc:datafield><marc:datafield tag="035" ind1="9" ind2=" "><marc:subfield code="a">gp^89000512</marc:subfield></marc:datafield><marc:datafield tag="035" ind1=" " ind2=" "><marc:subfield code="a">(OCoLC)1566053</marc:subfield></marc:datafield><marc:datafield tag="037" ind1=" " ind2=" "><marc:subfield code="b">Supt. of Docs., U.S. Govt. Print. Off., Washington, DC 20402</marc:subfield></marc:datafield><marc:datafield tag="040" ind1=" " ind2=" "><marc:subfield code="a">MUL</marc:subfield><marc:subfield code="b">eng</marc:subfield><marc:subfield code="c">MUL</marc:subfield><marc:subfield code="d">COO</marc:subfield><marc:subfield code="d">NSD</marc:subfield><marc:subfield code="d">DLC</marc:subfield><marc:subfield code="d">NSD</marc:subfield><marc:subfield code="d">DLC</marc:subfield><marc:subfield code="d">GPO</marc:subfield><marc:subfield code="d">AIP</marc:subfield><marc:subfield code="d">NSD</marc:subfield><marc:subfield code="d">GPO</marc:subfield><marc:subfield code="d">NST</marc:subfield><marc:subfield code="d">OCL</marc:subfield><marc:subfield code="d">GPO</marc:subfield><marc:subfield code="d">OCL</marc:subfield><marc:subfield code="d">NST</marc:subfield><marc:subfield code="d">DLC</marc:subfield><marc:subfield code="d">NST</marc:subfield><marc:subfield code="d">OCL</marc:subfield><marc:subfield code="d">NLM</marc:subfield><marc:subfield code="d">OCLCQ</marc:subfield><marc:subfield code="d">UKMGB</marc:subfield><marc:subfield code="d">OCLCQ</marc:subfield><marc:subfield code="d">OCLCF</marc:subfield><marc:subfield code="d">IAD</marc:subfield><marc:subfield code="d">OCLCA</marc:subfield><marc:subfield code="d">FUG</marc:subfield><marc:subfield code="d">COM</marc:subfield><marc:subfield code="d">OCLCO</marc:subfield><marc:subfield code="d">OCLCL</marc:subfield><marc:subfield code="d">GPO</marc:subfield></marc:datafield><marc:datafield tag="042" ind1=" " ind2=" "><marc:subfield code="a">nsdp</marc:subfield><marc:subfield code="a">pcc</marc:subfield></marc:datafield><marc:datafield tag="043" ind1=" " ind2=" "><marc:subfield code="a">n-us---</marc:subfield></marc:datafield><marc:datafield tag="050" ind1="0" ind2="0"><marc:subfield code="a">UC20</marc:subfield><marc:subfield code="b">.A3</marc:subfield></marc:datafield><marc:datafield tag="074" ind1=" " ind2=" "><marc:subfield code="a">0304-B</marc:subfield></marc:datafield><marc:datafield tag="082" ind1="0" ind2="4"><marc:subfield code="a">353.6/05</marc:subfield></marc:datafield><marc:datafield tag="086" ind1="0" ind2=" "><marc:subfield code="a">D 1.38/2:</marc:subfield></marc:datafield><marc:datafield tag="210" ind1="0" ind2=" "><marc:subfield code="a">Def. manage. j.</marc:subfield></marc:datafield><marc:datafield tag="222" ind1=" " ind2="0"><marc:subfield code="a">Defense management journal</marc:subfield></marc:datafield><marc:datafield tag="245" ind1="0" ind2="0"><marc:subfield code="a">Defense management journal.</marc:subfield></marc:datafield><marc:datafield tag="260" ind1=" " ind2=" "><marc:subfield code="a">[Washington, D.C.] :</marc:subfield><marc:subfield code="b">[Dept. of Defense, Office of the Assistant Secretary of Defense (Manpower, Reserve Affairs and Logistics)]:</marc:subfield><marc:subfield code="b">[Supt. of Docs., U.S. G.P.O., distributor]</marc:subfield></marc:datafield><marc:datafield tag="300" ind1=" " ind2=" "><marc:subfield code="a">21 volumes :</marc:subfield><marc:subfield code="b">illustrations, maps, portraits ;</marc:subfield><marc:subfield code="c">27 cm</marc:subfield></marc:datafield><marc:datafield tag="310" ind1=" " ind2=" "><marc:subfield code="a">Quarterly,</marc:subfield><marc:subfield code="b">1st quarter 1980-fall 1987</marc:subfield></marc:datafield><marc:datafield tag="336" ind1=" " ind2=" "><marc:subfield code="a">text</marc:subfield><marc:subfield code="b">txt</marc:subfield><marc:subfield code="2">rdacontent</marc:subfield></marc:datafield><marc:datafield tag="337" ind1=" " ind2=" "><marc:subfield code="a">unmediated</marc:subfield><marc:subfield code="b">n</marc:subfield><marc:subfield code="2">rdamedia</marc:subfield></marc:datafield><marc:datafield tag="338" ind1=" " ind2=" "><marc:subfield code="a">volume</marc:subfield><marc:subfield code="b">nc</marc:subfield><marc:subfield code="2">rdacarrier</marc:subfield></marc:datafield><marc:datafield tag="321" ind1=" " ind2=" "><marc:subfield code="a">Quarterly,</marc:subfield><marc:subfield code="b">fall 1967-1977</marc:subfield></marc:datafield><marc:datafield tag="321" ind1=" " ind2=" "><marc:subfield code="a">Bimonthly,</marc:subfield><marc:subfield code="b">1978-&lt;Sept.-Oct. 1979&gt;</marc:subfield></marc:datafield><marc:datafield tag="362" ind1="1" ind2=" "><marc:subfield code="a">Began with v. 3, no. 4 (fall 1967); ceased v. 23, no. 2/3 (fall 1987).</marc:subfield></marc:datafield><marc:datafield tag="550" ind1=" " ind2=" "><marc:subfield code="a">Vols. for 1967-winter 1970 published by the Office of the Assistant Secretary of Defense (Installations and Logistics), Directorate for Cost Reduction and Management Improvement Policy; spring-summer 1970 by the Office's Directorate for Management Improvement Programs; 1971-197 by the Office's Directorate for Management Evaluation; &lt;Apr. 1977&gt; by the Office of the Assistant Secretary of Defense (Installations and Logistics); July 1977-1983 by the Office of the Assistant Secretary of Defense (Manpower, Reserve Affairs and Logistics); 1984-3rd quarter 1985 by the Office of the Assistant Secretary of Defense (Manpower, Installations and Logistics); 4th quarter 1985-1st quarter 1987 by the Office of the Assistant Secretary of Defense (Acquisition and Logistics); 2nd and 3rd quarter 1987 by the Office of the Assistant Secretary of Defense (Production and Logistics).</marc:subfield></marc:datafield><marc:datafield tag="588" ind1="0" ind2=" "><marc:subfield code="a">Jan. 1979; title from cover.</marc:subfield></marc:datafield><marc:datafield tag="610" ind1="1" ind2="0"><marc:subfield code="a">United States.</marc:subfield><marc:subfield code="b">Department of Defense</marc:subfield><marc:subfield code="x">Finance</marc:subfield><marc:subfield code="v">Periodicals.</marc:subfield></marc:datafield><marc:datafield tag="610" ind1="1" ind2="0"><marc:subfield code="a">United States.</marc:subfield><marc:subfield code="b">Department of Defense</marc:subfield><marc:subfield code="x">Management</marc:subfield><marc:subfield code="v">Periodicals.</marc:subfield></marc:datafield><marc:datafield tag="650" ind1=" " ind2="0"><marc:subfield code="a">Defense industries</marc:subfield><marc:subfield code="z">United States</marc:subfield><marc:subfield code="v">Periodicals.</marc:subfield></marc:datafield><marc:datafield tag="610" ind1="1" ind2="7"><marc:subfield code="a">United States.</marc:subfield><marc:subfield code="b">Department of Defense.</marc:subfield><marc:subfield code="2">fast</marc:subfield><marc:subfield code="0">(OCoLC)fst01852447</marc:subfield></marc:datafield><marc:datafield tag="650" ind1=" " ind2="7"><marc:subfield code="a">Defense industries.</marc:subfield><marc:subfield code="2">fast</marc:subfield><marc:subfield code="0">(OCoLC)fst00889634</marc:subfield></marc:datafield><marc:datafield tag="650" ind1=" " ind2="7"><marc:subfield code="a">Finance.</marc:subfield><marc:subfield code="2">fast</marc:subfield><marc:subfield code="0">(OCoLC)fst00924349</marc:subfield></marc:datafield><marc:datafield tag="650" ind1=" " ind2="7"><marc:subfield code="a">Management.</marc:subfield><marc:subfield code="2">fast</marc:subfield><marc:subfield code="0">(OCoLC)fst01007141</marc:subfield></marc:datafield><marc:datafield tag="651" ind1=" " ind2="7"><marc:subfield code="a">United States.</marc:subfield><marc:subfield code="2">fast</marc:subfield><marc:subfield code="0">(OCoLC)fst01204155</marc:subfield><marc:subfield code="1">https://id.oclc.org/worldcat/entity/E39PBJtxgQXMWqmjMjjwXRHgrq</marc:subfield></marc:datafield><marc:datafield tag="655" ind1=" " ind2="7"><marc:subfield code="a">Periodicals.</marc:subfield><marc:subfield code="2">fast</marc:subfield><marc:subfield code="0">(OCoLC)fst01411641</marc:subfield></marc:datafield><marc:datafield tag="655" ind1=" " ind2="7"><marc:subfield code="a">Periodicals.</marc:subfield><marc:subfield code="2">lcgft</marc:subfield></marc:datafield><marc:datafield tag="710" ind1="1" ind2=" "><marc:subfield code="a">United States.</marc:subfield><marc:subfield code="b">Office of the Assistant Secretary of Defense (Manpower, Reserve Affairs, and Logistics)</marc:subfield></marc:datafield><marc:datafield tag="776" ind1="0" ind2="8"><marc:subfield code="i">Online version:</marc:subfield><marc:subfield code="t">Defense management journal</marc:subfield><marc:subfield code="w">(OCoLC)606491226</marc:subfield></marc:datafield><marc:datafield tag="780" ind1="0" ind2="0"><marc:subfield code="t">Cost reduction journal</marc:subfield><marc:subfield code="w">(OCoLC)2259830</marc:subfield></marc:datafield><marc:datafield tag="780" ind1="0" ind2="5"><marc:subfield code="t">Defense industry bulletin</marc:subfield><marc:subfield code="x">0418-5021</marc:subfield><marc:subfield code="w">(DLC) 68035212</marc:subfield><marc:subfield code="w">(OCoLC)1566050</marc:subfield></marc:datafield><marc:datafield tag="994" ind1=" " ind2=" "><marc:subfield code="a">C0</marc:subfield><marc:subfield code="b">GPO</marc:subfield></marc:datafield><marc:datafield tag="049" ind1=" " ind2=" "><marc:subfield code="a">GPOO</marc:subfield></marc:datafield><marc:datafield tag="955" ind1=" " ind2=" "><marc:subfield code="a">bc72 20241203</marc:subfield></marc:datafield><marc:datafield tag="922" ind1=" " ind2=" "><marc:subfield code="a">CONSERCHANGED</marc:subfield><marc:subfield code="b">20241203</marc:subfield></marc:datafield></marc:record>