
<marc:record><marc:leader>03408cas a2200601 a 4500</marc:leader>
<marc:controlfield tag="001">000330781</marc:controlfield>
<marc:controlfield tag="005">20241210111027.0</marc:controlfield><marc:controlfield tag="007">he bmb024bbca</marc:controlfield><marc:controlfield tag="008">870716c19799999dcu x p bw   f0    0eng c</marc:controlfield><marc:datafield tag="010" ind1=" " ind2=" "><marc:subfield code="a">sn 89026561</marc:subfield></marc:datafield><marc:datafield tag="019" ind1=" " ind2=" "><marc:subfield code="a">1398409764</marc:subfield></marc:datafield><marc:datafield tag="035" ind1="9" ind2=" "><marc:subfield code="a">ocm16199391</marc:subfield></marc:datafield><marc:datafield tag="035" ind1=" " ind2=" "><marc:subfield code="a">(OCoLC)16199391</marc:subfield><marc:subfield code="z">(OCoLC)1398409764</marc:subfield></marc:datafield><marc:datafield tag="040" ind1=" " ind2=" "><marc:subfield code="a">SLU</marc:subfield><marc:subfield code="b">eng</marc:subfield><marc:subfield code="c">SLU</marc:subfield><marc:subfield code="d">HUL</marc:subfield><marc:subfield code="d">NST</marc:subfield><marc:subfield code="d">GPO</marc:subfield><marc:subfield code="d">NSD</marc:subfield><marc:subfield code="d">GPO</marc:subfield><marc:subfield code="d">IUL</marc:subfield><marc:subfield code="d">GPO</marc:subfield><marc:subfield code="d">GILDS</marc:subfield><marc:subfield code="d">GPO</marc:subfield></marc:datafield><marc:datafield tag="042" ind1=" " ind2=" "><marc:subfield code="a">pcc</marc:subfield></marc:datafield><marc:datafield tag="043" ind1=" " ind2=" "><marc:subfield code="a">n-us---</marc:subfield></marc:datafield><marc:datafield tag="050" ind1=" " ind2="4"><marc:subfield code="a">KF5365</marc:subfield><marc:subfield code="b">.A553</marc:subfield></marc:datafield><marc:datafield tag="074" ind1=" " ind2=" "><marc:subfield code="a">1061-G-01 (MF)</marc:subfield></marc:datafield><marc:datafield tag="086" ind1="0" ind2=" "><marc:subfield code="a">Y 3.F 31/21-3:10-4/</marc:subfield></marc:datafield><marc:datafield tag="110" ind1="1" ind2=" "><marc:subfield code="a">United States.</marc:subfield><marc:subfield code="b">Federal Labor Relations Authority.</marc:subfield></marc:datafield><marc:datafield tag="245" ind1="1" ind2="0"><marc:subfield code="a">Decisions of the Federal Labor Relations Authority.</marc:subfield></marc:datafield><marc:datafield tag="260" ind1=" " ind2=" "><marc:subfield code="a">Washington, D.C. :</marc:subfield><marc:subfield code="b">Federal Labor Relations Authority, Office of Operations and Technical Assistance :</marc:subfield><marc:subfield code="b">For sale by the Supt. of Docs., U.S. G.P.O.,</marc:subfield><marc:subfield code="c">[1981]-</marc:subfield></marc:datafield><marc:datafield tag="300" ind1=" " ind2=" "><marc:subfield code="a">volumes ;</marc:subfield><marc:subfield code="c">27 cm.</marc:subfield></marc:datafield><marc:datafield tag="310" ind1=" " ind2=" "><marc:subfield code="a">Irregular</marc:subfield></marc:datafield><marc:datafield tag="336" ind1=" " ind2=" "><marc:subfield code="a">text</marc:subfield><marc:subfield code="b">txt</marc:subfield><marc:subfield code="2">rdacontent</marc:subfield></marc:datafield><marc:datafield tag="337" ind1=" " ind2=" "><marc:subfield code="a">microform</marc:subfield><marc:subfield code="b">h</marc:subfield><marc:subfield code="2">rdamedia</marc:subfield></marc:datafield><marc:datafield tag="338" ind1=" " ind2=" "><marc:subfield code="a">microfiche</marc:subfield><marc:subfield code="b">he</marc:subfield><marc:subfield code="2">rdacarrier</marc:subfield></marc:datafield><marc:datafield tag="362" ind1="0" ind2=" "><marc:subfield code="a">Vol. 1 (Jan. 1, 1979 through Sept. 30, 1979)-</marc:subfield></marc:datafield><marc:datafield tag="490" ind1="1" ind2=" "><marc:subfield code="a">FLRA doc.</marc:subfield></marc:datafield><marc:datafield tag="500" ind1=" " ind2=" "><marc:subfield code="a">In scope of the U.S. Government Publishing Office Cataloging and Indexing Program (C&amp;I) and Federal Depository Library Program (FDLP).</marc:subfield></marc:datafield><marc:datafield tag="530" ind1=" " ind2=" "><marc:subfield code="a">Also issued via the Internet from the FLRA website. Previously available as of 12/22/2004: http://www.flra.gov/decisions/start/vol%5Flist.html.</marc:subfield></marc:datafield><marc:datafield tag="550" ind1=" " ind2=" "><marc:subfield code="a">Vols. for Jan.-Sept. 1979 issued by: Federal Labor Relations Authority, Office of Operations and Technical Assistance; July-Sept. 1981- by: the Federal Labor Relations Authority.</marc:subfield></marc:datafield><marc:datafield tag="555" ind1=" " ind2=" "><marc:subfield code="a">Subject matter index: Vol. 1-42 (Jan. 1, 1979 through Oct. 31, 1992). 1 v.</marc:subfield></marc:datafield><marc:datafield tag="580" ind1=" " ind2=" "><marc:subfield code="a">Vols. 1-4 indexed by: United States. Federal Labor Relations Authority. Subject matter indexes; v. 18- by: United States. Federal Labor Relations Authority. Office of Case Management. Staff draft subject matter index.</marc:subfield></marc:datafield><marc:datafield tag="588" ind1="1" ind2=" "><marc:subfield code="a">Vol. 45 (June 1, 1992 through Sept. 30, 1992).</marc:subfield></marc:datafield><marc:datafield tag="533" ind1=" " ind2=" "><marc:subfield code="a">Microfiche.</marc:subfield><marc:subfield code="m">&lt;v.18-&gt;</marc:subfield><marc:subfield code="b">[Washington, D.C.] :</marc:subfield><marc:subfield code="c">Supt. of Docs., U.S. G.P.O.</marc:subfield><marc:subfield code="e">microfiches : negative.</marc:subfield></marc:datafield><marc:datafield tag="650" ind1=" " ind2="0"><marc:subfield code="a">Employee-management relations in government</marc:subfield><marc:subfield code="x">Law and legislation</marc:subfield><marc:subfield code="z">United States</marc:subfield><marc:subfield code="v">Cases.</marc:subfield></marc:datafield><marc:datafield tag="650" ind1=" " ind2="0"><marc:subfield code="a">Collective labor agreements</marc:subfield><marc:subfield code="x">Government employees</marc:subfield><marc:subfield code="z">United States</marc:subfield><marc:subfield code="v">Cases.</marc:subfield></marc:datafield><marc:datafield tag="650" ind1=" " ind2="7"><marc:subfield code="a">Collective labor agreements</marc:subfield><marc:subfield code="x">Government employees.</marc:subfield><marc:subfield code="2">fast</marc:subfield><marc:subfield code="0">(OCoLC)fst00867463</marc:subfield></marc:datafield><marc:datafield tag="650" ind1=" " ind2="7"><marc:subfield code="a">Employee-management relations in government</marc:subfield><marc:subfield code="x">Law and legislation.</marc:subfield><marc:subfield code="2">fast</marc:subfield><marc:subfield code="0">(OCoLC)fst00909103</marc:subfield></marc:datafield><marc:datafield tag="651" ind1=" " ind2="7"><marc:subfield code="a">United States.</marc:subfield><marc:subfield code="2">fast</marc:subfield><marc:subfield code="0">(OCoLC)fst01204155</marc:subfield><marc:subfield code="1">https://id.oclc.org/worldcat/entity/E39PBJtxgQXMWqmjMjjwXRHgrq</marc:subfield></marc:datafield><marc:datafield tag="655" ind1=" " ind2="7"><marc:subfield code="a">Trials, litigation, etc.</marc:subfield><marc:subfield code="2">fast</marc:subfield><marc:subfield code="0">(OCoLC)fst01423712</marc:subfield></marc:datafield><marc:datafield tag="710" ind1="1" ind2=" "><marc:subfield code="a">United States.</marc:subfield><marc:subfield code="b">Federal Labor Relations Authority.</marc:subfield></marc:datafield><marc:datafield tag="710" ind1="1" ind2=" "><marc:subfield code="a">United States.</marc:subfield><marc:subfield code="b">Federal Labor Relations Authority.</marc:subfield><marc:subfield code="b">Office of Operations and Technical Assistance.</marc:subfield></marc:datafield><marc:datafield tag="776" ind1="0" ind2="8"><marc:subfield code="i">Print version:</marc:subfield><marc:subfield code="a">United States. Federal Labor Relations Authority.</marc:subfield><marc:subfield code="t">Decisions of the Federal Labor Relations Authority</marc:subfield><marc:subfield code="x">0278-7695</marc:subfield><marc:subfield code="w">(DLC) 81646003</marc:subfield><marc:subfield code="w">(OCoLC)7582079</marc:subfield></marc:datafield><marc:datafield tag="776" ind1="0" ind2="8"><marc:subfield code="i">Online version:</marc:subfield><marc:subfield code="a">United States. Federal Labor Relations Authority.</marc:subfield><marc:subfield code="t">Decisions of the Federal Labor Relations Authority</marc:subfield><marc:subfield code="w">(DLC) 2008231033</marc:subfield><marc:subfield code="w">(OCoLC)180778770</marc:subfield></marc:datafield><marc:datafield tag="830" ind1=" " ind2="0"><marc:subfield code="a">FLRA doc.</marc:subfield></marc:datafield><marc:datafield tag="994" ind1=" " ind2=" "><marc:subfield code="a">C0</marc:subfield><marc:subfield code="b">GPO</marc:subfield></marc:datafield><marc:datafield tag="049" ind1=" " ind2=" "><marc:subfield code="a">GPOO</marc:subfield></marc:datafield><marc:datafield tag="922" ind1=" " ind2=" "><marc:subfield code="a">CONSERCHANGED</marc:subfield><marc:subfield code="b">20241210</marc:subfield></marc:datafield><marc:datafield tag="955" ind1=" " ind2=" "><marc:subfield code="a">bca35 20241210</marc:subfield></marc:datafield><marc:datafield tag="955" ind1=" " ind2=" "><marc:subfield code="a">bcb23 20081204</marc:subfield></marc:datafield><marc:datafield tag="955" ind1=" " ind2=" "><marc:subfield code="a">bcb23 20081118</marc:subfield></marc:datafield></marc:record>