
<marc:record><marc:leader>04740cas a2200721 i 4500</marc:leader>
<marc:controlfield tag="001">000931762</marc:controlfield>
<marc:controlfield tag="005">20241203085649.0</marc:controlfield><marc:controlfield tag="006">m     o  d f      </marc:controlfield><marc:controlfield tag="007">cr |||||||||||</marc:controlfield><marc:controlfield tag="008">040511d18701931dcuar   o    f0    0eng c</marc:controlfield><marc:datafield tag="010" ind1=" " ind2=" "><marc:subfield code="a">2014230968</marc:subfield></marc:datafield><marc:datafield tag="019" ind1=" " ind2=" "><marc:subfield code="a">655136054</marc:subfield><marc:subfield code="a">655941525</marc:subfield><marc:subfield code="a">656314442</marc:subfield><marc:subfield code="a">755250199</marc:subfield><marc:subfield code="a">874758684</marc:subfield><marc:subfield code="a">908004608</marc:subfield><marc:subfield code="a">983782521</marc:subfield><marc:subfield code="a">995542768</marc:subfield><marc:subfield code="a">999542988</marc:subfield><marc:subfield code="a">1002163107</marc:subfield><marc:subfield code="a">1006298088</marc:subfield><marc:subfield code="a">1011554196</marc:subfield><marc:subfield code="a">1013907366</marc:subfield><marc:subfield code="a">1019933320</marc:subfield><marc:subfield code="a">1043173825</marc:subfield><marc:subfield code="a">1129235598</marc:subfield></marc:datafield><marc:datafield tag="035" ind1=" " ind2=" "><marc:subfield code="a">(OCoLC)55118159</marc:subfield><marc:subfield code="z">(OCoLC)655136054</marc:subfield><marc:subfield code="z">(OCoLC)655941525</marc:subfield><marc:subfield code="z">(OCoLC)656314442</marc:subfield><marc:subfield code="z">(OCoLC)755250199</marc:subfield><marc:subfield code="z">(OCoLC)874758684</marc:subfield><marc:subfield code="z">(OCoLC)908004608</marc:subfield><marc:subfield code="z">(OCoLC)983782521</marc:subfield><marc:subfield code="z">(OCoLC)995542768</marc:subfield><marc:subfield code="z">(OCoLC)999542988</marc:subfield><marc:subfield code="z">(OCoLC)1002163107</marc:subfield><marc:subfield code="z">(OCoLC)1006298088</marc:subfield><marc:subfield code="z">(OCoLC)1011554196</marc:subfield><marc:subfield code="z">(OCoLC)1013907366</marc:subfield><marc:subfield code="z">(OCoLC)1019933320</marc:subfield><marc:subfield code="z">(OCoLC)1043173825</marc:subfield><marc:subfield code="z">(OCoLC)1129235598</marc:subfield></marc:datafield><marc:datafield tag="040" ind1=" " ind2=" "><marc:subfield code="a">LLMC2</marc:subfield><marc:subfield code="b">eng</marc:subfield><marc:subfield code="e">rda</marc:subfield><marc:subfield code="e">pn</marc:subfield><marc:subfield code="c">LLMC2</marc:subfield><marc:subfield code="d">OCLCQ</marc:subfield><marc:subfield code="d">OCL</marc:subfield><marc:subfield code="d">LLMC2</marc:subfield><marc:subfield code="d">OCLCQ</marc:subfield><marc:subfield code="d">OCLCA</marc:subfield><marc:subfield code="d">VT2</marc:subfield><marc:subfield code="d">OCLCF</marc:subfield><marc:subfield code="d">OCLCQ</marc:subfield><marc:subfield code="d">GPO</marc:subfield><marc:subfield code="d">OCLCE</marc:subfield><marc:subfield code="d">OCL</marc:subfield><marc:subfield code="d">DLC</marc:subfield><marc:subfield code="d">DIBIB</marc:subfield><marc:subfield code="d">IOG</marc:subfield><marc:subfield code="d">GPO</marc:subfield><marc:subfield code="d">MST</marc:subfield><marc:subfield code="d">OCLCA</marc:subfield><marc:subfield code="d">UAB</marc:subfield><marc:subfield code="d">AU@</marc:subfield><marc:subfield code="d">OCL</marc:subfield><marc:subfield code="d">GPO</marc:subfield></marc:datafield><marc:datafield tag="042" ind1=" " ind2=" "><marc:subfield code="a">pcc</marc:subfield></marc:datafield><marc:datafield tag="043" ind1=" " ind2=" "><marc:subfield code="a">n-us---</marc:subfield></marc:datafield><marc:datafield tag="050" ind1="1" ind2="4"><marc:subfield code="a">KZ233</marc:subfield><marc:subfield code="b">.U55</marc:subfield></marc:datafield><marc:datafield tag="074" ind1=" " ind2=" "><marc:subfield code="a">1008-F (online)</marc:subfield></marc:datafield><marc:datafield tag="074" ind1=" " ind2=" "><marc:subfield code="a">0872-B-01 (online)</marc:subfield></marc:datafield><marc:datafield tag="086" ind1="0" ind2=" "><marc:subfield code="a">Y 1.1/2:</marc:subfield></marc:datafield><marc:datafield tag="086" ind1="0" ind2=" "><marc:subfield code="a">S 1.1:</marc:subfield></marc:datafield><marc:datafield tag="110" ind1="1" ind2=" "><marc:subfield code="a">United States.</marc:subfield><marc:subfield code="b">Department of State,</marc:subfield><marc:subfield code="0">https://id.loc.gov/authorities/names/n80126198</marc:subfield><marc:subfield code="e">author.</marc:subfield></marc:datafield><marc:datafield tag="240" ind1="1" ind2="0"><marc:subfield code="a">Papers relating to the foreign relations of the United States (Online)</marc:subfield></marc:datafield><marc:datafield tag="245" ind1="1" ind2="0"><marc:subfield code="a">Papers relating to the foreign relations of the United States /</marc:subfield><marc:subfield code="c">transmitted to Congress with the annual message of the President.</marc:subfield></marc:datafield><marc:datafield tag="264" ind1=" " ind2="1"><marc:subfield code="a">Washington :</marc:subfield><marc:subfield code="b">Government Printing Office,</marc:subfield><marc:subfield code="c">1870-1946.</marc:subfield></marc:datafield><marc:datafield tag="300" ind1=" " ind2=" "><marc:subfield code="a">1 online resource (volumes).</marc:subfield></marc:datafield><marc:datafield tag="310" ind1=" " ind2=" "><marc:subfield code="a">Annual</marc:subfield></marc:datafield><marc:datafield tag="336" ind1=" " ind2=" "><marc:subfield code="a">text</marc:subfield><marc:subfield code="b">txt</marc:subfield><marc:subfield code="2">rdacontent</marc:subfield></marc:datafield><marc:datafield tag="337" ind1=" " ind2=" "><marc:subfield code="a">computer</marc:subfield><marc:subfield code="b">c</marc:subfield><marc:subfield code="2">rdamedia</marc:subfield></marc:datafield><marc:datafield tag="338" ind1=" " ind2=" "><marc:subfield code="a">online resource</marc:subfield><marc:subfield code="b">cr</marc:subfield><marc:subfield code="2">rdacarrier</marc:subfield></marc:datafield><marc:datafield tag="362" ind1="1" ind2=" "><marc:subfield code="a">Began with: 1870; ceased with: 1931.</marc:subfield></marc:datafield><marc:datafield tag="490" ind1="1" ind2=" "><marc:subfield code="3">1871, 1886:</marc:subfield><marc:subfield code="a">Ex. doc. / House of Representatives</marc:subfield></marc:datafield><marc:datafield tag="490" ind1="1" ind2=" "><marc:subfield code="3">1898-1899, 1901-1902, 1905, 1910:</marc:subfield><marc:subfield code="a">Document / House of Representatives</marc:subfield></marc:datafield><marc:datafield tag="490" ind1="1" ind2=" "><marc:subfield code="3">1918:</marc:subfield><marc:subfield code="a">Publications of the Department of State</marc:subfield></marc:datafield><marc:datafield tag="490" ind1="1" ind2=" "><marc:subfield code="3">1919-1921:</marc:subfield><marc:subfield code="a">Publication / the Department of State</marc:subfield></marc:datafield><marc:datafield tag="490" ind1="1" ind2=" "><marc:subfield code="3">1920-1922:</marc:subfield><marc:subfield code="a">House document</marc:subfield></marc:datafield><marc:datafield tag="490" ind1="1" ind2=" "><marc:subfield code="3">1922-1931:</marc:subfield><marc:subfield code="a">Department of State publication</marc:subfield></marc:datafield><marc:datafield tag="500" ind1=" " ind2=" "><marc:subfield code="a">1896 issue includes the last annual message of the President of the United States and the last annual report of the Secretary of State.</marc:subfield></marc:datafield><marc:datafield tag="555" ind1=" " ind2=" "><marc:subfield code="a">1861-1899. 1 volume (Includes index to volumes issued under earlier title); 1900-1918. 1 volume.</marc:subfield></marc:datafield><marc:datafield tag="588" ind1=" " ind2=" "><marc:subfield code="a">Description based on: 1872; title from PDF title page (viewed on May 11, 2004).</marc:subfield></marc:datafield><marc:datafield tag="588" ind1=" " ind2=" "><marc:subfield code="a">Latest issue consulted: 1931 (viewed on May 11, 2004).</marc:subfield></marc:datafield><marc:datafield tag="515" ind1=" " ind2=" "><marc:subfield code="a">Some volumes issued in parts; none published in 1869. For &lt;1872-1873&gt;, some parts further subdivided into volumes.</marc:subfield></marc:datafield><marc:datafield tag="525" ind1=" " ind2=" "><marc:subfield code="a">Has supplements: The Paris Peace Conference, 1919. -- 13 volume; and, The Lansing papers, 1914-1920. -- 2 volume.</marc:subfield></marc:datafield><marc:datafield tag="525" ind1=" " ind2=" "><marc:subfield code="a">Volumes for 1877 and 1894 have appendices; 1894 has also Appendix 2. Affairs in Hawaii; 1902 has Appendix 1. Whaling and sealing claims against Russia; and, Appendix 2. Pious Fund of the Californias; 1914-1918 have supplement: The World War; 1918-1919 have supplement: Russia.</marc:subfield></marc:datafield><marc:datafield tag="580" ind1=" " ind2=" "><marc:subfield code="a">Materials for 1869 included in: Ex. doc. (United States. Congress. House) ; 41st Congress, 2nd session, no. 1.</marc:subfield></marc:datafield><marc:datafield tag="651" ind1=" " ind2="0"><marc:subfield code="a">United States</marc:subfield><marc:subfield code="x">Foreign relations</marc:subfield><marc:subfield code="v">Sources.</marc:subfield></marc:datafield><marc:datafield tag="776" ind1="0" ind2="8"><marc:subfield code="i">Print version:</marc:subfield><marc:subfield code="a">United States. Department of State.</marc:subfield><marc:subfield code="t">Papers relating to the foreign relations of the United States</marc:subfield><marc:subfield code="x">1048-6445</marc:subfield><marc:subfield code="w">(DLC) 97660629</marc:subfield><marc:subfield code="w">(OCoLC)6699241</marc:subfield></marc:datafield><marc:datafield tag="780" ind1="0" ind2="0"><marc:subfield code="a">United States. Department of State.</marc:subfield><marc:subfield code="t">Papers relating to foreign affairs</marc:subfield><marc:subfield code="w">(DLC) 2018230143</marc:subfield><marc:subfield code="w">(OCoLC)693642600</marc:subfield></marc:datafield><marc:datafield tag="785" ind1="0" ind2="0"><marc:subfield code="a">United States. Department of State.</marc:subfield><marc:subfield code="s">Foreign relations of the United States (Departmental ed. : Online)</marc:subfield><marc:subfield code="w">(DLC) 2008230778</marc:subfield><marc:subfield code="w">(OCoLC)48924137</marc:subfield></marc:datafield><marc:datafield tag="830" ind1=" " ind2="0"><marc:subfield code="3">1871, 1886</marc:subfield><marc:subfield code="a">Ex. doc. (United States. Congress. House)</marc:subfield><marc:subfield code="0">https://id.loc.gov/authorities/names/n92084728</marc:subfield></marc:datafield><marc:datafield tag="830" ind1=" " ind2="0"><marc:subfield code="3">1920-1922</marc:subfield><marc:subfield code="a">House document (United States. Congress. House)</marc:subfield><marc:subfield code="0">https://id.loc.gov/authorities/names/n42012889</marc:subfield></marc:datafield><marc:datafield tag="830" ind1=" " ind2="0"><marc:subfield code="3">1922-1931</marc:subfield><marc:subfield code="a">Department of State publication.</marc:subfield><marc:subfield code="0">https://id.loc.gov/authorities/names/n42008943</marc:subfield></marc:datafield><marc:datafield tag="856" ind1="4" ind2="0"><marc:subfield code="3">1872-1931 (some issues not available)</marc:subfield><marc:subfield code="u">https://purl.fdlp.gov/GPO/gpo50695</marc:subfield><marc:subfield code="7">0</marc:subfield></marc:datafield><marc:datafield tag="856" ind1="4" ind2=" "><marc:subfield code="3">1872-1931 (some issues not available)</marc:subfield><marc:subfield code="u">http://digicoll.library.wisc.edu/cgi-bin/FRUS/FRUS-idx?type=browse&amp;scope=FRUS.FRUS1</marc:subfield></marc:datafield><marc:datafield tag="856" ind1="4" ind2="0"><marc:subfield code="3">1888-1931</marc:subfield><marc:subfield code="u">https://purl.fdlp.gov/GPO/gpo91667</marc:subfield><marc:subfield code="7">0</marc:subfield></marc:datafield><marc:datafield tag="856" ind1="4" ind2=" "><marc:subfield code="3">1888-1931</marc:subfield><marc:subfield code="u">https://history.state.gov/historicaldocuments/pre-truman</marc:subfield></marc:datafield><marc:datafield tag="856" ind1="4" ind2="0"><marc:subfield code="3">1925-1926</marc:subfield><marc:subfield code="u">https://purl.fdlp.gov/GPO/gpo170994</marc:subfield><marc:subfield code="7">0</marc:subfield></marc:datafield><marc:datafield tag="994" ind1=" " ind2=" "><marc:subfield code="a">C0</marc:subfield><marc:subfield code="b">GPO</marc:subfield></marc:datafield><marc:datafield tag="049" ind1=" " ind2=" "><marc:subfield code="a">GPOO</marc:subfield></marc:datafield><marc:datafield tag="955" ind1=" " ind2=" "><marc:subfield code="a">bca68 20241202</marc:subfield></marc:datafield><marc:datafield tag="922" ind1=" " ind2=" "><marc:subfield code="a">SERIALSETDELIVERY2</marc:subfield></marc:datafield><marc:datafield tag="955" ind1=" " ind2=" "><marc:subfield code="a">bcb19 20140717</marc:subfield><marc:subfield code="b">20140717</marc:subfield></marc:datafield><marc:datafield tag="955" ind1=" " ind2=" "><marc:subfield code="a">bca35 20180504</marc:subfield></marc:datafield></marc:record>