
<marc:record><marc:leader>03894cas a2200769 i 4500</marc:leader>
<marc:controlfield tag="001">001413532</marc:controlfield>
<marc:controlfield tag="005">20241202080936.0</marc:controlfield><marc:controlfield tag="006">m     o  d f      </marc:controlfield><marc:controlfield tag="007">cr |||||||||||</marc:controlfield><marc:controlfield tag="008">100519d19681990dcumr p o s  f0   a0eng c</marc:controlfield><marc:datafield tag="010" ind1=" " ind2=" "><marc:subfield code="a">2024233392</marc:subfield><marc:subfield code="z">79004214</marc:subfield></marc:datafield><marc:datafield tag="019" ind1=" " ind2=" "><marc:subfield code="a">71313531</marc:subfield><marc:subfield code="a">427653185</marc:subfield><marc:subfield code="a">456267374</marc:subfield><marc:subfield code="a">664457352</marc:subfield><marc:subfield code="a">763153853</marc:subfield><marc:subfield code="a">763745558</marc:subfield><marc:subfield code="a">988793096</marc:subfield><marc:subfield code="a">1113615665</marc:subfield><marc:subfield code="a">1125477829</marc:subfield><marc:subfield code="a">1203543360</marc:subfield></marc:datafield><marc:datafield tag="022" ind1="0" ind2=" "><marc:subfield code="a">3065-5137</marc:subfield><marc:subfield code="l">0146-7735</marc:subfield><marc:subfield code="y">0146-7735</marc:subfield><marc:subfield code="2">1</marc:subfield></marc:datafield><marc:datafield tag="035" ind1=" " ind2=" "><marc:subfield code="a">(OCoLC)622372221</marc:subfield><marc:subfield code="z">(OCoLC)71313531</marc:subfield><marc:subfield code="z">(OCoLC)427653185</marc:subfield><marc:subfield code="z">(OCoLC)456267374</marc:subfield><marc:subfield code="z">(OCoLC)664457352</marc:subfield><marc:subfield code="z">(OCoLC)763153853</marc:subfield><marc:subfield code="z">(OCoLC)763745558</marc:subfield><marc:subfield code="z">(OCoLC)988793096</marc:subfield><marc:subfield code="z">(OCoLC)1113615665</marc:subfield><marc:subfield code="z">(OCoLC)1125477829</marc:subfield><marc:subfield code="z">(OCoLC)1203543360</marc:subfield></marc:datafield><marc:datafield tag="040" ind1=" " ind2=" "><marc:subfield code="a">OCLCE</marc:subfield><marc:subfield code="b">eng</marc:subfield><marc:subfield code="e">rda</marc:subfield><marc:subfield code="e">pn</marc:subfield><marc:subfield code="c">OCLCE</marc:subfield><marc:subfield code="d">OCLCA</marc:subfield><marc:subfield code="d">GAO</marc:subfield><marc:subfield code="d">TFW</marc:subfield><marc:subfield code="d">OCLCO</marc:subfield><marc:subfield code="d">Z5A</marc:subfield><marc:subfield code="d">OCLCO</marc:subfield><marc:subfield code="d">GZW</marc:subfield><marc:subfield code="d">OCLCO</marc:subfield><marc:subfield code="d">OCLCA</marc:subfield><marc:subfield code="d">OCLCF</marc:subfield><marc:subfield code="d">OCLCO</marc:subfield><marc:subfield code="d">OCLCQ</marc:subfield><marc:subfield code="d">OCLCO</marc:subfield><marc:subfield code="d">NKM</marc:subfield><marc:subfield code="d">OCLCQ</marc:subfield><marc:subfield code="d">UKBTH</marc:subfield><marc:subfield code="d">OCLCQ</marc:subfield><marc:subfield code="d">ORE</marc:subfield><marc:subfield code="d">COA</marc:subfield><marc:subfield code="d">SXT</marc:subfield><marc:subfield code="d">LIP</marc:subfield><marc:subfield code="d">OCLCQ</marc:subfield><marc:subfield code="d">OCLCO</marc:subfield><marc:subfield code="d">SFB</marc:subfield><marc:subfield code="d">OCLCL</marc:subfield><marc:subfield code="d">GPO</marc:subfield><marc:subfield code="d">DLC</marc:subfield></marc:datafield><marc:datafield tag="042" ind1=" " ind2=" "><marc:subfield code="a">dlr</marc:subfield><marc:subfield code="a">pcc</marc:subfield><marc:subfield code="a">nsdp</marc:subfield></marc:datafield><marc:datafield tag="043" ind1=" " ind2=" "><marc:subfield code="a">n-us---</marc:subfield></marc:datafield><marc:datafield tag="050" ind1="1" ind2="0"><marc:subfield code="a">ISSN RECORD</marc:subfield></marc:datafield><marc:datafield tag="050" ind1=" " ind2="4"><marc:subfield code="a">HC101</marc:subfield></marc:datafield><marc:datafield tag="050" ind1=" " ind2="4"><marc:subfield code="a">HB3743</marc:subfield></marc:datafield><marc:datafield tag="074" ind1=" " ind2=" "><marc:subfield code="a">0131-A (online)</marc:subfield></marc:datafield><marc:datafield tag="082" ind1="1" ind2="0"><marc:subfield code="a">330.9</marc:subfield><marc:subfield code="2">23/eng/20241023</marc:subfield></marc:datafield><marc:datafield tag="082" ind1="0" ind2="4"><marc:subfield code="a">330.9/73/092</marc:subfield></marc:datafield><marc:datafield tag="086" ind1="0" ind2=" "><marc:subfield code="a">C 56.111:</marc:subfield></marc:datafield><marc:datafield tag="086" ind1="0" ind2=" "><marc:subfield code="a">C 59.9:</marc:subfield></marc:datafield><marc:datafield tag="210" ind1="0" ind2=" "><marc:subfield code="a">Bus. cond. dig.</marc:subfield><marc:subfield code="b">(Online)</marc:subfield></marc:datafield><marc:datafield tag="222" ind1=" " ind2="0"><marc:subfield code="a">Business conditions digest</marc:subfield><marc:subfield code="b">(Online)</marc:subfield></marc:datafield><marc:datafield tag="245" ind1="0" ind2="0"><marc:subfield code="a">Business conditions digest :</marc:subfield><marc:subfield code="b">BCD.</marc:subfield></marc:datafield><marc:datafield tag="246" ind1="1" ind2=" "><marc:subfield code="a">BCD</marc:subfield></marc:datafield><marc:datafield tag="264" ind1=" " ind2="1"><marc:subfield code="a">Washington, D.C. :</marc:subfield><marc:subfield code="b">U.S. Department of Commerce, Bureau of the Census,</marc:subfield><marc:subfield code="c">1968-1990.</marc:subfield></marc:datafield><marc:datafield tag="300" ind1=" " ind2=" "><marc:subfield code="a">1 online resource (volumes) :</marc:subfield><marc:subfield code="b">illustrations.</marc:subfield></marc:datafield><marc:datafield tag="310" ind1=" " ind2=" "><marc:subfield code="a">Monthly</marc:subfield></marc:datafield><marc:datafield tag="336" ind1=" " ind2=" "><marc:subfield code="a">text</marc:subfield><marc:subfield code="b">txt</marc:subfield><marc:subfield code="2">rdacontent</marc:subfield></marc:datafield><marc:datafield tag="337" ind1=" " ind2=" "><marc:subfield code="a">computer</marc:subfield><marc:subfield code="b">c</marc:subfield><marc:subfield code="2">rdamedia</marc:subfield></marc:datafield><marc:datafield tag="338" ind1=" " ind2=" "><marc:subfield code="a">online resource</marc:subfield><marc:subfield code="b">cr</marc:subfield><marc:subfield code="2">rdacarrier</marc:subfield></marc:datafield><marc:datafield tag="362" ind1="1" ind2=" "><marc:subfield code="a">Began with: November 1968; ceased with: volume 30, number 3 (March 1990).</marc:subfield></marc:datafield><marc:datafield tag="490" ind1="0" ind2=" "><marc:subfield code="a">Series ES1 / U.S. Department of Commerce, Bureau of the Census</marc:subfield></marc:datafield><marc:datafield tag="500" ind1=" " ind2=" "><marc:subfield code="a">In scope of the U.S. Government Publishing Office Cataloging and Indexing Program (C&amp;I) and Federal Depository Library Program (FDLP).</marc:subfield></marc:datafield><marc:datafield tag="500" ind1=" " ind2=" "><marc:subfield code="a">Issues for 1972-1975 were classed (Supt. of Docs.) C 56.111:(date) during the time the Bureau was subordinate to the Social and Economic Statistics Administration.</marc:subfield></marc:datafield><marc:datafield tag="515" ind1=" " ind2=" "><marc:subfield code="a">Issues for January 1978- called volume 18, number 1-</marc:subfield></marc:datafield><marc:datafield tag="520" ind1=" " ind2=" "><marc:subfield code="a">Volumes for Nov. 1968- include an advance release of the expanded summary table (table 1).</marc:subfield></marc:datafield><marc:datafield tag="550" ind1=" " ind2=" "><marc:subfield code="a">Issued by: U. S. Department of Commerce, Bureau of Economic Analysis, January 1972-</marc:subfield></marc:datafield><marc:datafield tag="588" ind1="0" ind2=" "><marc:subfield code="a">November 1968; title from PDF cover (FRASER viewed July 29, 2024).</marc:subfield></marc:datafield><marc:datafield tag="588" ind1="1" ind2=" "><marc:subfield code="a">Volume 30, number 3 (March 1990) (viewed July 29, 2024).</marc:subfield></marc:datafield><marc:datafield tag="651" ind1=" " ind2="0"><marc:subfield code="a">United States</marc:subfield><marc:subfield code="x">Economic conditions</marc:subfield><marc:subfield code="y">1945-</marc:subfield><marc:subfield code="v">Periodicals.</marc:subfield></marc:datafield><marc:datafield tag="650" ind1=" " ind2="7"><marc:subfield code="a">Economic history.</marc:subfield><marc:subfield code="2">fast</marc:subfield><marc:subfield code="0">(OCoLC)fst00901974</marc:subfield></marc:datafield><marc:datafield tag="651" ind1=" " ind2="7"><marc:subfield code="a">United States.</marc:subfield><marc:subfield code="2">fast</marc:subfield><marc:subfield code="0">(OCoLC)fst01204155</marc:subfield><marc:subfield code="1">https://id.oclc.org/worldcat/entity/E39PBJtxgQXMWqmjMjjwXRHgrq</marc:subfield></marc:datafield><marc:datafield tag="648" ind1=" " ind2="7"><marc:subfield code="a">Since 1945</marc:subfield><marc:subfield code="2">fast</marc:subfield></marc:datafield><marc:datafield tag="655" ind1=" " ind2="7"><marc:subfield code="a">Periodicals.</marc:subfield><marc:subfield code="2">fast</marc:subfield><marc:subfield code="0">(OCoLC)fst01411641</marc:subfield></marc:datafield><marc:datafield tag="655" ind1=" " ind2="7"><marc:subfield code="a">Periodicals.</marc:subfield><marc:subfield code="2">lcgft</marc:subfield></marc:datafield><marc:datafield tag="655" ind1=" " ind2="7"><marc:subfield code="a">Statistics.</marc:subfield><marc:subfield code="2">lcgft</marc:subfield></marc:datafield><marc:datafield tag="710" ind1="1" ind2=" "><marc:subfield code="a">United States.</marc:subfield><marc:subfield code="b">Bureau of the Census,</marc:subfield><marc:subfield code="e">issuing body.</marc:subfield></marc:datafield><marc:datafield tag="710" ind1="1" ind2=" "><marc:subfield code="a">United States.</marc:subfield><marc:subfield code="b">Bureau of Economic Analysis,</marc:subfield><marc:subfield code="e">issuing body.</marc:subfield></marc:datafield><marc:datafield tag="770" ind1="0" ind2=" "><marc:subfield code="t">Handbook of cyclical indicators</marc:subfield></marc:datafield><marc:datafield tag="776" ind1="0" ind2="8"><marc:subfield code="i">Print version:</marc:subfield><marc:subfield code="t">Business conditions digest</marc:subfield><marc:subfield code="x">0146-7735</marc:subfield><marc:subfield code="w">(DLC) 72621004</marc:subfield><marc:subfield code="w">(OCoLC)2452279</marc:subfield></marc:datafield><marc:datafield tag="780" ind1="0" ind2="0"><marc:subfield code="t">Business cycle developments</marc:subfield><marc:subfield code="x">3065-5153</marc:subfield><marc:subfield code="w">(DLC) 2024233391</marc:subfield><marc:subfield code="w">(OCoLC)664365634</marc:subfield></marc:datafield><marc:datafield tag="780" ind1="0" ind2="5"><marc:subfield code="a">United States. Bureau of Economic Analysis.</marc:subfield><marc:subfield code="t">Defense indicators</marc:subfield><marc:subfield code="w">(OCoLC)609203943</marc:subfield></marc:datafield><marc:datafield tag="785" ind1="0" ind2="5"><marc:subfield code="t">Survey of current business (Online)</marc:subfield><marc:subfield code="x">1937-4534</marc:subfield><marc:subfield code="w">(DLC) 2002230671</marc:subfield><marc:subfield code="w">(OCoLC)48033640</marc:subfield></marc:datafield><marc:datafield tag="856" ind1="4" ind2="0"><marc:subfield code="z">Available at FRASER</marc:subfield><marc:subfield code="u">https://purl.fdlp.gov/GPO/gpo231375</marc:subfield><marc:subfield code="7">0</marc:subfield></marc:datafield><marc:datafield tag="856" ind1="4" ind2=" "><marc:subfield code="z">Address at time of PURL</marc:subfield><marc:subfield code="u">https://fraser.stlouisfed.org/title/?id=43</marc:subfield></marc:datafield><marc:datafield tag="994" ind1=" " ind2=" "><marc:subfield code="a">C0</marc:subfield><marc:subfield code="b">GPO</marc:subfield></marc:datafield><marc:datafield tag="049" ind1=" " ind2=" "><marc:subfield code="a">GPOO</marc:subfield></marc:datafield><marc:datafield tag="955" ind1=" " ind2=" "><marc:subfield code="a">bca59 20240729</marc:subfield><marc:subfield code="b">20240729</marc:subfield></marc:datafield><marc:datafield tag="955" ind1=" " ind2=" "><marc:subfield code="a">CATPART; FRASER</marc:subfield><marc:subfield code="b">20240729</marc:subfield></marc:datafield><marc:datafield tag="922" ind1=" " ind2=" "><marc:subfield code="a">CONSERNEW</marc:subfield><marc:subfield code="b">20240729</marc:subfield></marc:datafield><marc:datafield tag="922" ind1=" " ind2=" "><marc:subfield code="a">ISSNREQ</marc:subfield><marc:subfield code="b">20240729</marc:subfield></marc:datafield><marc:datafield tag="955" ind1=" " ind2=" "><marc:subfield code="a">bca59 20241202</marc:subfield></marc:datafield></marc:record>