
<marc:record><marc:leader>02274cam a2200397 i 4500</marc:leader>
<marc:controlfield tag="001">001415569</marc:controlfield>
<marc:controlfield tag="005">20241230162447.0</marc:controlfield><marc:controlfield tag="008">811027s1980    utu      b   f001 0 eng  </marc:controlfield><marc:datafield tag="010" ind1=" " ind2=" "><marc:subfield code="a">81600887</marc:subfield></marc:datafield><marc:datafield tag="019" ind1=" " ind2=" "><marc:subfield code="a">16738853</marc:subfield><marc:subfield code="a">1225775352</marc:subfield></marc:datafield><marc:datafield tag="035" ind1=" " ind2=" "><marc:subfield code="a">(OCoLC)7288818</marc:subfield><marc:subfield code="z">(OCoLC)16738853</marc:subfield><marc:subfield code="z">(OCoLC)1225775352</marc:subfield></marc:datafield><marc:datafield tag="040" ind1=" " ind2=" "><marc:subfield code="a">DGPO/DLC</marc:subfield><marc:subfield code="b">eng</marc:subfield><marc:subfield code="e">rda</marc:subfield><marc:subfield code="c">DLC</marc:subfield><marc:subfield code="d">GPO</marc:subfield><marc:subfield code="d">ORZ</marc:subfield><marc:subfield code="d">OCLCQ</marc:subfield><marc:subfield code="d">NLGGC</marc:subfield><marc:subfield code="d">BTCTA</marc:subfield><marc:subfield code="d">UBA</marc:subfield><marc:subfield code="d">SPI</marc:subfield><marc:subfield code="d">OCLCO</marc:subfield><marc:subfield code="d">OCLCF</marc:subfield><marc:subfield code="d">OCLCQ</marc:subfield><marc:subfield code="d">OCLCO</marc:subfield><marc:subfield code="d">AGM</marc:subfield><marc:subfield code="d">WURST</marc:subfield><marc:subfield code="d">OCL</marc:subfield><marc:subfield code="d">CUT</marc:subfield><marc:subfield code="d">OCLCO</marc:subfield><marc:subfield code="d">TRAAL</marc:subfield><marc:subfield code="d">OCLCO</marc:subfield><marc:subfield code="d">SEA</marc:subfield><marc:subfield code="d">OCLCL</marc:subfield><marc:subfield code="d">OCLCQ</marc:subfield><marc:subfield code="d">GPO</marc:subfield></marc:datafield><marc:datafield tag="086" ind1="0" ind2=" "><marc:subfield code="a">A 13.88:INT-95</marc:subfield></marc:datafield><marc:datafield tag="100" ind1="1" ind2=" "><marc:subfield code="a">Richardson, Bland Z.,</marc:subfield><marc:subfield code="0">https://id.loc.gov/authorities/names/n81031346</marc:subfield><marc:subfield code="e">author.</marc:subfield></marc:datafield><marc:datafield tag="245" ind1="1" ind2="0"><marc:subfield code="a">Environmental effects of surface mining of minerals other than coal :</marc:subfield><marc:subfield code="b">annotated bibliography and summary report /</marc:subfield><marc:subfield code="c">Bland Z. Richardson and Marilyn Marshall Pratt, compilers.</marc:subfield></marc:datafield><marc:datafield tag="264" ind1=" " ind2="1"><marc:subfield code="a">Ogden, Utah :</marc:subfield><marc:subfield code="b">United States Department of Agriculture, Forest Service, Intermountain Forest and Range Experiment Station,</marc:subfield><marc:subfield code="c">1980.</marc:subfield></marc:datafield><marc:datafield tag="300" ind1=" " ind2=" "><marc:subfield code="a">145 pages ;</marc:subfield><marc:subfield code="c">28 cm.</marc:subfield></marc:datafield><marc:datafield tag="336" ind1=" " ind2=" "><marc:subfield code="a">text</marc:subfield><marc:subfield code="b">txt</marc:subfield><marc:subfield code="2">rdacontent</marc:subfield></marc:datafield><marc:datafield tag="337" ind1=" " ind2=" "><marc:subfield code="a">unmediated</marc:subfield><marc:subfield code="b">n</marc:subfield><marc:subfield code="2">rdamedia</marc:subfield></marc:datafield><marc:datafield tag="338" ind1=" " ind2=" "><marc:subfield code="a">volume</marc:subfield><marc:subfield code="b">nc</marc:subfield><marc:subfield code="2">rdacarrier</marc:subfield></marc:datafield><marc:datafield tag="490" ind1="1" ind2=" "><marc:subfield code="a">General technical report INT ;</marc:subfield><marc:subfield code="v">95</marc:subfield></marc:datafield><marc:datafield tag="500" ind1=" " ind2=" "><marc:subfield code="a">&quot;November 1980.&quot;</marc:subfield></marc:datafield><marc:datafield tag="500" ind1=" " ind2=" "><marc:subfield code="a">Includes indexes.</marc:subfield></marc:datafield><marc:datafield tag="650" ind1=" " ind2="0"><marc:subfield code="a">Strip mining</marc:subfield><marc:subfield code="x">Environmental aspects</marc:subfield><marc:subfield code="v">Bibliography.</marc:subfield></marc:datafield><marc:datafield tag="650" ind1=" " ind2="0"><marc:subfield code="a">Reclamation of land</marc:subfield><marc:subfield code="v">Bibliography.</marc:subfield></marc:datafield><marc:datafield tag="655" ind1=" " ind2="7"><marc:subfield code="a">Bibliographies.</marc:subfield><marc:subfield code="2">lcgft</marc:subfield><marc:subfield code="0">https://id.loc.gov/authorities/genreForms/gf2014026048</marc:subfield></marc:datafield><marc:datafield tag="700" ind1="1" ind2=" "><marc:subfield code="a">Pratt, Marilyn Marshall,</marc:subfield><marc:subfield code="0">https://id.loc.gov/authorities/names/n81056297</marc:subfield><marc:subfield code="e">author.</marc:subfield></marc:datafield><marc:datafield tag="710" ind1="1" ind2=" "><marc:subfield code="a">United States.</marc:subfield><marc:subfield code="b">Forest Service,</marc:subfield><marc:subfield code="0">https://id.loc.gov/authorities/names/n79054932</marc:subfield><marc:subfield code="e">sponsoring body.</marc:subfield></marc:datafield><marc:datafield tag="710" ind1="2" ind2=" "><marc:subfield code="a">Intermountain Forest and Range Experiment Station (Ogden, Utah),</marc:subfield><marc:subfield code="0">https://id.loc.gov/authorities/names/n79062786</marc:subfield><marc:subfield code="e">issuing body.</marc:subfield></marc:datafield><marc:datafield tag="730" ind1="0" ind2=" "><marc:subfield code="a">Technical Report Archive &amp; Image Library (TRAIL)</marc:subfield></marc:datafield><marc:datafield tag="776" ind1="0" ind2="8"><marc:subfield code="i">Online version:</marc:subfield><marc:subfield code="a">Richardson, Bland Z.</marc:subfield><marc:subfield code="t">Environmental effects of surface mining of minerals other than coal.</marc:subfield><marc:subfield code="d">Ogden, Utah : Intermountain Forest and Range Experiment Station, U.S. Dept. of Agriculture, Forest Service, 1980</marc:subfield><marc:subfield code="w">(OCoLC)623574711</marc:subfield></marc:datafield><marc:datafield tag="830" ind1=" " ind2="0"><marc:subfield code="a">General technical report INT ;</marc:subfield><marc:subfield code="0">https://id.loc.gov/authorities/names/n42025743</marc:subfield><marc:subfield code="v">95.</marc:subfield></marc:datafield><marc:datafield tag="994" ind1=" " ind2=" "><marc:subfield code="a">C0</marc:subfield><marc:subfield code="b">GPO</marc:subfield></marc:datafield><marc:datafield tag="049" ind1=" " ind2=" "><marc:subfield code="a">XZLN</marc:subfield></marc:datafield><marc:datafield tag="955" ind1=" " ind2=" "><marc:subfield code="a">bc81 20241230</marc:subfield></marc:datafield><marc:datafield tag="955" ind1=" " ind2=" "><marc:subfield code="a">bc76 20240925</marc:subfield><marc:subfield code="b">20240925</marc:subfield></marc:datafield></marc:record>