
<marc:record><marc:leader>06892cas a2200541 a 4500</marc:leader>
<marc:controlfield tag="001">001444124</marc:controlfield>
<marc:controlfield tag="005">20241203125157.0</marc:controlfield><marc:controlfield tag="006">m     o  d f      </marc:controlfield><marc:controlfield tag="007">cr |||||||||||</marc:controlfield><marc:controlfield tag="008">191113d18621969dcu x m o    f0   a0eng d</marc:controlfield><marc:datafield tag="019" ind1=" " ind2=" "><marc:subfield code="a">297283734</marc:subfield><marc:subfield code="a">565581237</marc:subfield><marc:subfield code="a">659026524</marc:subfield><marc:subfield code="a">730996969</marc:subfield><marc:subfield code="a">760915601</marc:subfield><marc:subfield code="a">866565837</marc:subfield><marc:subfield code="a">866891468</marc:subfield><marc:subfield code="a">866894410</marc:subfield><marc:subfield code="a">876674246</marc:subfield><marc:subfield code="a">876722653</marc:subfield><marc:subfield code="a">876728785</marc:subfield><marc:subfield code="a">879554718</marc:subfield><marc:subfield code="a">919600840</marc:subfield><marc:subfield code="a">950467602</marc:subfield><marc:subfield code="a">950515603</marc:subfield><marc:subfield code="a">950517123</marc:subfield><marc:subfield code="a">950525353</marc:subfield><marc:subfield code="a">950525373</marc:subfield><marc:subfield code="a">950570052</marc:subfield><marc:subfield code="a">950570656</marc:subfield><marc:subfield code="a">950571658</marc:subfield><marc:subfield code="a">950571947</marc:subfield><marc:subfield code="a">950573740</marc:subfield><marc:subfield code="a">950573877</marc:subfield><marc:subfield code="a">950573901</marc:subfield><marc:subfield code="a">950610156</marc:subfield><marc:subfield code="a">950611812</marc:subfield><marc:subfield code="a">950709431</marc:subfield><marc:subfield code="a">950713281</marc:subfield><marc:subfield code="a">950716931</marc:subfield><marc:subfield code="a">950725921</marc:subfield><marc:subfield code="a">950735591</marc:subfield><marc:subfield code="a">950735737</marc:subfield><marc:subfield code="a">950736778</marc:subfield><marc:subfield code="a">950750552</marc:subfield><marc:subfield code="a">950750567</marc:subfield><marc:subfield code="a">950752432</marc:subfield><marc:subfield code="a">950752476</marc:subfield><marc:subfield code="a">950752747</marc:subfield><marc:subfield code="a">950775169</marc:subfield><marc:subfield code="a">950775225</marc:subfield><marc:subfield code="a">950775303</marc:subfield><marc:subfield code="a">950776065</marc:subfield><marc:subfield code="a">950776178</marc:subfield><marc:subfield code="a">950776314</marc:subfield><marc:subfield code="a">950888287</marc:subfield><marc:subfield code="a">950891378</marc:subfield><marc:subfield code="a">950900115</marc:subfield><marc:subfield code="a">950903488</marc:subfield><marc:subfield code="a">950904530</marc:subfield><marc:subfield code="a">950907966</marc:subfield><marc:subfield code="a">950913584</marc:subfield><marc:subfield code="a">950915541</marc:subfield><marc:subfield code="a">950922121</marc:subfield><marc:subfield code="a">950935437</marc:subfield><marc:subfield code="a">950936686</marc:subfield><marc:subfield code="a">950943111</marc:subfield><marc:subfield code="a">950943893</marc:subfield><marc:subfield code="a">950946184</marc:subfield><marc:subfield code="a">950947309</marc:subfield><marc:subfield code="a">989684390</marc:subfield><marc:subfield code="a">993129984</marc:subfield><marc:subfield code="a">999350543</marc:subfield><marc:subfield code="a">999393691</marc:subfield><marc:subfield code="a">999624627</marc:subfield><marc:subfield code="a">999627424</marc:subfield><marc:subfield code="a">1000013082</marc:subfield><marc:subfield code="a">1000103729</marc:subfield><marc:subfield code="a">1000315816</marc:subfield><marc:subfield code="a">1008920607</marc:subfield><marc:subfield code="a">1008965726</marc:subfield><marc:subfield code="a">1008971208</marc:subfield><marc:subfield code="a">1008999300</marc:subfield><marc:subfield code="a">1009336629</marc:subfield><marc:subfield code="a">1009337650</marc:subfield><marc:subfield code="a">1009355560</marc:subfield><marc:subfield code="a">1009358706</marc:subfield><marc:subfield code="a">1009609005</marc:subfield><marc:subfield code="a">1009621496</marc:subfield><marc:subfield code="a">1009646898</marc:subfield><marc:subfield code="a">1009708118</marc:subfield><marc:subfield code="a">1010023668</marc:subfield><marc:subfield code="a">1010322855</marc:subfield><marc:subfield code="a">1010494116</marc:subfield><marc:subfield code="a">1010497621</marc:subfield><marc:subfield code="a">1010804724</marc:subfield><marc:subfield code="a">1010824858</marc:subfield><marc:subfield code="a">1010940779</marc:subfield><marc:subfield code="a">1010941311</marc:subfield><marc:subfield code="a">1011044365</marc:subfield><marc:subfield code="a">1011099602</marc:subfield><marc:subfield code="a">1011100182</marc:subfield><marc:subfield code="a">1011253792</marc:subfield><marc:subfield code="a">1011258980</marc:subfield><marc:subfield code="a">1011356315</marc:subfield><marc:subfield code="a">1011494145</marc:subfield><marc:subfield code="a">1011593262</marc:subfield><marc:subfield code="a">1011595782</marc:subfield><marc:subfield code="a">1011672138</marc:subfield><marc:subfield code="a">1011674700</marc:subfield><marc:subfield code="a">1011688292</marc:subfield><marc:subfield code="a">1011692790</marc:subfield><marc:subfield code="a">1011712988</marc:subfield><marc:subfield code="a">1012118402</marc:subfield><marc:subfield code="a">1012365200</marc:subfield><marc:subfield code="a">1012379273</marc:subfield><marc:subfield code="a">1012431597</marc:subfield><marc:subfield code="a">1012490189</marc:subfield><marc:subfield code="a">1012495820</marc:subfield><marc:subfield code="a">1012496382</marc:subfield><marc:subfield code="a">1013927271</marc:subfield><marc:subfield code="a">1021288220</marc:subfield><marc:subfield code="a">1021782032</marc:subfield><marc:subfield code="a">1021866330</marc:subfield><marc:subfield code="a">1021867971</marc:subfield><marc:subfield code="a">1026500287</marc:subfield><marc:subfield code="a">1026510665</marc:subfield><marc:subfield code="a">1027097953</marc:subfield><marc:subfield code="a">1027795843</marc:subfield><marc:subfield code="a">1027797721</marc:subfield><marc:subfield code="a">1027797913</marc:subfield><marc:subfield code="a">1028017582</marc:subfield><marc:subfield code="a">1083342956</marc:subfield><marc:subfield code="a">1083783269</marc:subfield><marc:subfield code="a">1083792517</marc:subfield><marc:subfield code="a">1083794558</marc:subfield><marc:subfield code="a">1084021499</marc:subfield><marc:subfield code="a">1084145870</marc:subfield><marc:subfield code="a">1084272193</marc:subfield><marc:subfield code="a">1084480103</marc:subfield><marc:subfield code="a">1084483495</marc:subfield><marc:subfield code="a">1084586974</marc:subfield><marc:subfield code="a">1084711127</marc:subfield><marc:subfield code="a">1084713589</marc:subfield><marc:subfield code="a">1085695553</marc:subfield><marc:subfield code="a">1085934783</marc:subfield><marc:subfield code="a">1085991322</marc:subfield><marc:subfield code="a">1102812570</marc:subfield><marc:subfield code="a">1103214106</marc:subfield><marc:subfield code="a">1103242731</marc:subfield><marc:subfield code="a">1103245858</marc:subfield><marc:subfield code="a">1114309509</marc:subfield><marc:subfield code="a">1114913138</marc:subfield></marc:datafield><marc:datafield tag="022" ind1=" " ind2=" "><marc:subfield code="l">0096-8749</marc:subfield><marc:subfield code="y">0096-8749</marc:subfield></marc:datafield><marc:datafield tag="035" ind1=" " ind2=" "><marc:subfield code="a">(OCoLC)1127389934</marc:subfield><marc:subfield code="z">(OCoLC)297283734</marc:subfield><marc:subfield code="z">(OCoLC)565581237</marc:subfield><marc:subfield code="z">(OCoLC)659026524</marc:subfield><marc:subfield code="z">(OCoLC)730996969</marc:subfield><marc:subfield code="z">(OCoLC)760915601</marc:subfield><marc:subfield code="z">(OCoLC)866565837</marc:subfield><marc:subfield code="z">(OCoLC)866891468</marc:subfield><marc:subfield code="z">(OCoLC)866894410</marc:subfield><marc:subfield code="z">(OCoLC)876674246</marc:subfield><marc:subfield code="z">(OCoLC)876722653</marc:subfield><marc:subfield code="z">(OCoLC)876728785</marc:subfield><marc:subfield code="z">(OCoLC)879554718</marc:subfield><marc:subfield code="z">(OCoLC)919600840</marc:subfield><marc:subfield code="z">(OCoLC)950467602</marc:subfield><marc:subfield code="z">(OCoLC)950515603</marc:subfield><marc:subfield code="z">(OCoLC)950517123</marc:subfield><marc:subfield code="z">(OCoLC)950525353</marc:subfield><marc:subfield code="z">(OCoLC)950525373</marc:subfield><marc:subfield code="z">(OCoLC)950570052</marc:subfield><marc:subfield code="z">(OCoLC)950570656</marc:subfield><marc:subfield code="z">(OCoLC)950571658</marc:subfield><marc:subfield code="z">(OCoLC)950571947</marc:subfield><marc:subfield code="z">(OCoLC)950573740</marc:subfield><marc:subfield code="z">(OCoLC)950573877</marc:subfield><marc:subfield code="z">(OCoLC)950573901</marc:subfield><marc:subfield code="z">(OCoLC)950610156</marc:subfield><marc:subfield code="z">(OCoLC)950611812</marc:subfield><marc:subfield code="z">(OCoLC)950709431</marc:subfield><marc:subfield code="z">(OCoLC)950713281</marc:subfield><marc:subfield code="z">(OCoLC)950716931</marc:subfield><marc:subfield code="z">(OCoLC)950725921</marc:subfield><marc:subfield code="z">(OCoLC)950735591</marc:subfield><marc:subfield code="z">(OCoLC)950735737</marc:subfield><marc:subfield code="z">(OCoLC)950736778</marc:subfield><marc:subfield code="z">(OCoLC)950750552</marc:subfield><marc:subfield code="z">(OCoLC)950750567</marc:subfield><marc:subfield code="z">(OCoLC)950752432</marc:subfield><marc:subfield code="z">(OCoLC)950752476</marc:subfield><marc:subfield code="z">(OCoLC)950752747</marc:subfield><marc:subfield code="z">(OCoLC)950775169</marc:subfield><marc:subfield code="z">(OCoLC)950775225</marc:subfield><marc:subfield code="z">(OCoLC)950775303</marc:subfield><marc:subfield code="z">(OCoLC)950776065</marc:subfield><marc:subfield code="z">(OCoLC)950776178</marc:subfield><marc:subfield code="z">(OCoLC)950776314</marc:subfield><marc:subfield code="z">(OCoLC)950888287</marc:subfield><marc:subfield code="z">(OCoLC)950891378</marc:subfield><marc:subfield code="z">(OCoLC)950900115</marc:subfield><marc:subfield code="z">(OCoLC)950903488</marc:subfield><marc:subfield code="z">(OCoLC)950904530</marc:subfield><marc:subfield code="z">(OCoLC)950907966</marc:subfield><marc:subfield code="z">(OCoLC)950913584</marc:subfield><marc:subfield code="z">(OCoLC)950915541</marc:subfield><marc:subfield code="z">(OCoLC)950922121</marc:subfield><marc:subfield code="z">(OCoLC)950935437</marc:subfield><marc:subfield code="z">(OCoLC)950936686</marc:subfield><marc:subfield code="z">(OCoLC)950943111</marc:subfield><marc:subfield code="z">(OCoLC)950943893</marc:subfield><marc:subfield code="z">(OCoLC)950946184</marc:subfield><marc:subfield code="z">(OCoLC)950947309</marc:subfield><marc:subfield code="z">(OCoLC)989684390</marc:subfield><marc:subfield code="z">(OCoLC)993129984</marc:subfield><marc:subfield code="z">(OCoLC)999350543</marc:subfield><marc:subfield code="z">(OCoLC)999393691</marc:subfield><marc:subfield code="z">(OCoLC)999624627</marc:subfield><marc:subfield code="z">(OCoLC)999627424</marc:subfield><marc:subfield code="z">(OCoLC)1000013082</marc:subfield><marc:subfield code="z">(OCoLC)1000103729</marc:subfield><marc:subfield code="z">(OCoLC)1000315816</marc:subfield><marc:subfield code="z">(OCoLC)1008920607</marc:subfield><marc:subfield code="z">(OCoLC)1008965726</marc:subfield><marc:subfield code="z">(OCoLC)1008971208</marc:subfield><marc:subfield code="z">(OCoLC)1008999300</marc:subfield><marc:subfield code="z">(OCoLC)1009336629</marc:subfield><marc:subfield code="z">(OCoLC)1009337650</marc:subfield><marc:subfield code="z">(OCoLC)1009355560</marc:subfield><marc:subfield code="z">(OCoLC)1009358706</marc:subfield><marc:subfield code="z">(OCoLC)1009609005</marc:subfield><marc:subfield code="z">(OCoLC)1009621496</marc:subfield><marc:subfield code="z">(OCoLC)1009646898</marc:subfield><marc:subfield code="z">(OCoLC)1009708118</marc:subfield><marc:subfield code="z">(OCoLC)1010023668</marc:subfield><marc:subfield code="z">(OCoLC)1010322855</marc:subfield><marc:subfield code="z">(OCoLC)1010494116</marc:subfield><marc:subfield code="z">(OCoLC)1010497621</marc:subfield><marc:subfield code="z">(OCoLC)1010804724</marc:subfield><marc:subfield code="z">(OCoLC)1010824858</marc:subfield><marc:subfield code="z">(OCoLC)1010940779</marc:subfield><marc:subfield code="z">(OCoLC)1010941311</marc:subfield><marc:subfield code="z">(OCoLC)1011044365</marc:subfield><marc:subfield code="z">(OCoLC)1011099602</marc:subfield><marc:subfield code="z">(OCoLC)1011100182</marc:subfield><marc:subfield code="z">(OCoLC)1011253792</marc:subfield><marc:subfield code="z">(OCoLC)1011258980</marc:subfield><marc:subfield code="z">(OCoLC)1011356315</marc:subfield><marc:subfield code="z">(OCoLC)1011494145</marc:subfield><marc:subfield code="z">(OCoLC)1011593262</marc:subfield><marc:subfield code="z">(OCoLC)1011595782</marc:subfield><marc:subfield code="z">(OCoLC)1011672138</marc:subfield><marc:subfield code="z">(OCoLC)1011674700</marc:subfield><marc:subfield code="z">(OCoLC)1011688292</marc:subfield><marc:subfield code="z">(OCoLC)1011692790</marc:subfield><marc:subfield code="z">(OCoLC)1011712988</marc:subfield><marc:subfield code="z">(OCoLC)1012118402</marc:subfield><marc:subfield code="z">(OCoLC)1012365200</marc:subfield><marc:subfield code="z">(OCoLC)1012379273</marc:subfield><marc:subfield code="z">(OCoLC)1012431597</marc:subfield><marc:subfield code="z">(OCoLC)1012490189</marc:subfield><marc:subfield code="z">(OCoLC)1012495820</marc:subfield><marc:subfield code="z">(OCoLC)1012496382</marc:subfield><marc:subfield code="z">(OCoLC)1013927271</marc:subfield><marc:subfield code="z">(OCoLC)1021288220</marc:subfield><marc:subfield code="z">(OCoLC)1021782032</marc:subfield><marc:subfield code="z">(OCoLC)1021866330</marc:subfield><marc:subfield code="z">(OCoLC)1021867971</marc:subfield><marc:subfield code="z">(OCoLC)1026500287</marc:subfield><marc:subfield code="z">(OCoLC)1026510665</marc:subfield><marc:subfield code="z">(OCoLC)1027097953</marc:subfield><marc:subfield code="z">(OCoLC)1027795843</marc:subfield><marc:subfield code="z">(OCoLC)1027797721</marc:subfield><marc:subfield code="z">(OCoLC)1027797913</marc:subfield><marc:subfield code="z">(OCoLC)1028017582</marc:subfield><marc:subfield code="z">(OCoLC)1083342956</marc:subfield><marc:subfield code="z">(OCoLC)1083783269</marc:subfield><marc:subfield code="z">(OCoLC)1083792517</marc:subfield><marc:subfield code="z">(OCoLC)1083794558</marc:subfield><marc:subfield code="z">(OCoLC)1084021499</marc:subfield><marc:subfield code="z">(OCoLC)1084145870</marc:subfield><marc:subfield code="z">(OCoLC)1084272193</marc:subfield><marc:subfield code="z">(OCoLC)1084480103</marc:subfield><marc:subfield code="z">(OCoLC)1084483495</marc:subfield><marc:subfield code="z">(OCoLC)1084586974</marc:subfield><marc:subfield code="z">(OCoLC)1084711127</marc:subfield><marc:subfield code="z">(OCoLC)1084713589</marc:subfield><marc:subfield code="z">(OCoLC)1085695553</marc:subfield><marc:subfield code="z">(OCoLC)1085934783</marc:subfield><marc:subfield code="z">(OCoLC)1085991322</marc:subfield><marc:subfield code="z">(OCoLC)1102812570</marc:subfield><marc:subfield code="z">(OCoLC)1103214106</marc:subfield><marc:subfield code="z">(OCoLC)1103242731</marc:subfield><marc:subfield code="z">(OCoLC)1103245858</marc:subfield><marc:subfield code="z">(OCoLC)1114309509</marc:subfield><marc:subfield code="z">(OCoLC)1114913138</marc:subfield></marc:datafield><marc:datafield tag="040" ind1=" " ind2=" "><marc:subfield code="a">OCLCE</marc:subfield><marc:subfield code="b">eng</marc:subfield><marc:subfield code="e">pn</marc:subfield><marc:subfield code="c">OCLCE</marc:subfield><marc:subfield code="d">OCLCO</marc:subfield><marc:subfield code="d">VT2</marc:subfield><marc:subfield code="d">COO</marc:subfield><marc:subfield code="d">OCLCF</marc:subfield><marc:subfield code="d">OSO</marc:subfield><marc:subfield code="d">OCLCA</marc:subfield><marc:subfield code="d">OCLCQ</marc:subfield><marc:subfield code="d">OCLCO</marc:subfield><marc:subfield code="d">OCLCQ</marc:subfield><marc:subfield code="d">OCLCO</marc:subfield><marc:subfield code="d">OCLCQ</marc:subfield><marc:subfield code="d">OCLCO</marc:subfield><marc:subfield code="d">OCLCL</marc:subfield><marc:subfield code="d">GPO</marc:subfield></marc:datafield><marc:datafield tag="042" ind1=" " ind2=" "><marc:subfield code="a">dlr</marc:subfield></marc:datafield><marc:datafield tag="050" ind1=" " ind2="4"><marc:subfield code="a">Q11</marc:subfield><marc:subfield code="b">.S7</marc:subfield></marc:datafield><marc:datafield tag="050" ind1=" " ind2="4"><marc:subfield code="a">AS36</marc:subfield><marc:subfield code="b">.S6</marc:subfield></marc:datafield><marc:datafield tag="060" ind1=" " ind2="4"><marc:subfield code="a">Q 11 S7</marc:subfield></marc:datafield><marc:datafield tag="070" ind1="1" ind2=" "><marc:subfield code="a">500</marc:subfield><marc:subfield code="b">SM6M</marc:subfield></marc:datafield><marc:datafield tag="082" ind1="0" ind2="4"><marc:subfield code="a">505</marc:subfield><marc:subfield code="2">19</marc:subfield></marc:datafield><marc:datafield tag="086" ind1="0" ind2=" "><marc:subfield code="a">SI 1.7:</marc:subfield></marc:datafield><marc:datafield tag="245" ind1="0" ind2="0"><marc:subfield code="a">Smithsonian miscellaneous collections.</marc:subfield></marc:datafield><marc:datafield tag="260" ind1=" " ind2=" "><marc:subfield code="a">Washington :</marc:subfield><marc:subfield code="b">Smithsonian Institution,</marc:subfield><marc:subfield code="c">1862-1969.</marc:subfield></marc:datafield><marc:datafield tag="300" ind1=" " ind2=" "><marc:subfield code="a">1 online resource (volumes) :</marc:subfield><marc:subfield code="b">illustrations, portraits, maps, facsimile.</marc:subfield></marc:datafield><marc:datafield tag="310" ind1=" " ind2=" "><marc:subfield code="a">Irregular</marc:subfield></marc:datafield><marc:datafield tag="336" ind1=" " ind2=" "><marc:subfield code="a">text</marc:subfield><marc:subfield code="b">txt</marc:subfield><marc:subfield code="2">rdacontent</marc:subfield></marc:datafield><marc:datafield tag="337" ind1=" " ind2=" "><marc:subfield code="a">computer</marc:subfield><marc:subfield code="b">c</marc:subfield><marc:subfield code="2">rdamedia</marc:subfield></marc:datafield><marc:datafield tag="338" ind1=" " ind2=" "><marc:subfield code="a">online resource</marc:subfield><marc:subfield code="b">cr</marc:subfield><marc:subfield code="2">rdacarrier</marc:subfield></marc:datafield><marc:datafield tag="362" ind1="0" ind2=" "><marc:subfield code="a">Vol. 1 (1862)-v. 153, no. 5 (May 31, 1969).</marc:subfield></marc:datafield><marc:datafield tag="490" ind1="1" ind2=" "><marc:subfield code="3">&lt;1910-&gt;:</marc:subfield><marc:subfield code="a">Publication</marc:subfield></marc:datafield><marc:datafield tag="500" ind1=" " ind2=" "><marc:subfield code="a">Vols. 45, 47, 48, 50 and 52 were published as &quot;Quarterly issue, v. 1-5, 1903-10&quot;, designed as a medium for the early publication of the results of researches and for reports of a preliminary nature; this form of publication was discontinued after v. 52</marc:subfield></marc:datafield><marc:datafield tag="500" ind1=" " ind2=" "><marc:subfield code="a">Some issues have head of title, &lt;1932-&gt;: Roebling Fund.</marc:subfield></marc:datafield><marc:datafield tag="500" ind1=" " ind2=" "><marc:subfield code="a">In scope of the U.S. Government Publishing Office Cataloging and Indexing Program (C&amp;I) and Federal Depository Library Program (FDLP); no FDLP item number.</marc:subfield></marc:datafield><marc:datafield tag="588" ind1="0" ind2=" "><marc:subfield code="a">Vol. 1 (1862); title from PDF title page (Smithsonian Institution, viewed Nov. 26, 2024).</marc:subfield></marc:datafield><marc:datafield tag="588" ind1="1" ind2=" "><marc:subfield code="a">v.152, no. 8 (1968) (Smithsonian Institution, viewed Nov. 26, 2024).</marc:subfield></marc:datafield><marc:datafield tag="515" ind1=" " ind2=" "><marc:subfield code="a">Some volumes issued in revised editions.</marc:subfield></marc:datafield><marc:datafield tag="650" ind1=" " ind2="0"><marc:subfield code="a">Science.</marc:subfield><marc:subfield code="0">https://id.loc.gov/authorities/subjects/sh85118553</marc:subfield></marc:datafield><marc:datafield tag="650" ind1=" " ind2="7"><marc:subfield code="a">Science.</marc:subfield><marc:subfield code="2">fast</marc:subfield><marc:subfield code="0">(OCoLC)fst01108176</marc:subfield></marc:datafield><marc:datafield tag="655" ind1=" " ind2="7"><marc:subfield code="a">Periodicals.</marc:subfield><marc:subfield code="2">fast</marc:subfield><marc:subfield code="0">(OCoLC)fst01411641</marc:subfield></marc:datafield><marc:datafield tag="710" ind1="2" ind2=" "><marc:subfield code="a">Smithsonian Institution.</marc:subfield><marc:subfield code="0">https://id.loc.gov/authorities/names/n79053968</marc:subfield></marc:datafield><marc:datafield tag="776" ind1="0" ind2="8"><marc:subfield code="i">Print version:</marc:subfield><marc:subfield code="t">Smithsonian miscellaneous collections</marc:subfield><marc:subfield code="x">0096-8749</marc:subfield><marc:subfield code="w">(DLC) 16008203</marc:subfield><marc:subfield code="w">(OCoLC)1376204</marc:subfield></marc:datafield><marc:datafield tag="830" ind1=" " ind2="0"><marc:subfield code="a">Publication (Smithsonian Institution)</marc:subfield><marc:subfield code="0">https://id.loc.gov/authorities/names/n83826384</marc:subfield></marc:datafield><marc:datafield tag="856" ind1="4" ind2="0"><marc:subfield code="u">https://purl.fdlp.gov/GPO/gpo234993</marc:subfield><marc:subfield code="7">0</marc:subfield></marc:datafield><marc:datafield tag="856" ind1="4" ind2=" "><marc:subfield code="z">Address at time of PURL creation</marc:subfield><marc:subfield code="u">https://library.si.edu/digital-library/book/smithsonian-miscellaneous-collections</marc:subfield></marc:datafield><marc:datafield tag="994" ind1=" " ind2=" "><marc:subfield code="a">C0</marc:subfield><marc:subfield code="b">GPO</marc:subfield></marc:datafield><marc:datafield tag="049" ind1=" " ind2=" "><marc:subfield code="a">XZLA</marc:subfield></marc:datafield><marc:datafield tag="955" ind1=" " ind2=" "><marc:subfield code="a">bc31 20241203</marc:subfield><marc:subfield code="b">20241203</marc:subfield></marc:datafield><marc:datafield tag="922" ind1=" " ind2=" "><marc:subfield code="a">CONSERCHANGED</marc:subfield><marc:subfield code="b">20241203</marc:subfield></marc:datafield></marc:record>