
<marc:record><marc:leader>02603cem a2200529 a 4500</marc:leader>
<marc:controlfield tag="001">001444189</marc:controlfield>
<marc:controlfield tag="005">20241204213127.0</marc:controlfield><marc:controlfield tag="006">m     o  c f      </marc:controlfield><marc:controlfield tag="007">cr cn|||||||||</marc:controlfield><marc:controlfield tag="007">aj canzn</marc:controlfield><marc:controlfield tag="008">051128s2005    caua   cp a  fo 0   eng d</marc:controlfield><marc:datafield tag="034" ind1="1" ind2=" "><marc:subfield code="a">a</marc:subfield><marc:subfield code="b">24000</marc:subfield><marc:subfield code="d">W1170000</marc:subfield><marc:subfield code="e">W1165230</marc:subfield><marc:subfield code="f">N0333730</marc:subfield><marc:subfield code="g">N0333000</marc:subfield></marc:datafield><marc:datafield tag="035" ind1=" " ind2=" "><marc:subfield code="a">(OCoLC)62347926</marc:subfield></marc:datafield><marc:datafield tag="040" ind1=" " ind2=" "><marc:subfield code="a">GIS</marc:subfield><marc:subfield code="b">eng</marc:subfield><marc:subfield code="c">GIS</marc:subfield><marc:subfield code="d">CIT</marc:subfield><marc:subfield code="d">OCLCQ</marc:subfield><marc:subfield code="d">OCLCL</marc:subfield><marc:subfield code="d">OCLCO</marc:subfield><marc:subfield code="d">GPO</marc:subfield></marc:datafield><marc:datafield tag="043" ind1=" " ind2=" "><marc:subfield code="a">n-us-ca</marc:subfield></marc:datafield><marc:datafield tag="050" ind1="1" ind2="4"><marc:subfield code="a">G4361.C5 svar</marc:subfield><marc:subfield code="b">.G4 no. 05-1285</marc:subfield></marc:datafield><marc:datafield tag="052" ind1=" " ind2=" "><marc:subfield code="a">4363</marc:subfield><marc:subfield code="b">R5</marc:subfield></marc:datafield><marc:datafield tag="074" ind1=" " ind2=" "><marc:subfield code="a">0624-H (online)</marc:subfield></marc:datafield><marc:datafield tag="086" ind1="0" ind2=" "><marc:subfield code="a">I 19.76:2005-1285</marc:subfield></marc:datafield><marc:datafield tag="100" ind1="1" ind2=" "><marc:subfield code="a">Morton, Douglas M.</marc:subfield><marc:subfield code="0">https://id.loc.gov/authorities/names/n80044543</marc:subfield></marc:datafield><marc:datafield tag="245" ind1="1" ind2="0"><marc:subfield code="a">Preliminary geologic map of the Sage 7.5 quadrangle, Riverside County, California /</marc:subfield><marc:subfield code="c">by D.M. Morton and M.P. Kennedy.</marc:subfield></marc:datafield><marc:datafield tag="250" ind1=" " ind2=" "><marc:subfield code="a">Version 1.0.</marc:subfield></marc:datafield><marc:datafield tag="255" ind1=" " ind2=" "><marc:subfield code="a">Scale 1:24,000 ;</marc:subfield><marc:subfield code="b">Polyconic projection</marc:subfield><marc:subfield code="c">(W 1170000--W 1165230/N 333730--N 333000).</marc:subfield></marc:datafield><marc:datafield tag="264" ind1=" " ind2="1"><marc:subfield code="a">[Menlo Park, Calif.] :</marc:subfield><marc:subfield code="b">U.S. Geological Survey,</marc:subfield><marc:subfield code="c">2005.</marc:subfield></marc:datafield><marc:datafield tag="300" ind1=" " ind2=" "><marc:subfield code="a">1 online resource (1 map).</marc:subfield></marc:datafield><marc:datafield tag="336" ind1=" " ind2=" "><marc:subfield code="a">cartographic image</marc:subfield><marc:subfield code="b">cri</marc:subfield><marc:subfield code="2">rdacontent</marc:subfield></marc:datafield><marc:datafield tag="337" ind1=" " ind2=" "><marc:subfield code="a">computer</marc:subfield><marc:subfield code="b">c</marc:subfield><marc:subfield code="2">rdamedia</marc:subfield></marc:datafield><marc:datafield tag="338" ind1=" " ind2=" "><marc:subfield code="a">online resource</marc:subfield><marc:subfield code="b">cr</marc:subfield><marc:subfield code="2">rdacarrier</marc:subfield></marc:datafield><marc:datafield tag="490" ind1="1" ind2=" "><marc:subfield code="a">U.S. Geological Survey open-file report ;</marc:subfield><marc:subfield code="v">2005-1285</marc:subfield></marc:datafield><marc:datafield tag="500" ind1=" " ind2=" "><marc:subfield code="a">Relief is represented by contours.</marc:subfield></marc:datafield><marc:datafield tag="500" ind1=" " ind2=" "><marc:subfield code="a">Includes text, location map, and ancillary map of Palm Springs.</marc:subfield></marc:datafield><marc:datafield tag="500" ind1=" " ind2=" "><marc:subfield code="a">In scope of the U.S. Government Publishing Office Cataloging and Indexing Program (C&amp;I) and Federal Depository Library Program (FDLP).</marc:subfield></marc:datafield><marc:datafield tag="504" ind1=" " ind2=" "><marc:subfield code="a">Includes bibliographical references.</marc:subfield></marc:datafield><marc:datafield tag="588" ind1="0" ind2=" "><marc:subfield code="a">Online resource; title from HTML index page (viewed Nov. 23, 2005).</marc:subfield></marc:datafield><marc:datafield tag="650" ind1=" " ind2="0"><marc:subfield code="a">Geology</marc:subfield><marc:subfield code="z">California</marc:subfield><marc:subfield code="z">Riverside County</marc:subfield><marc:subfield code="v">Maps.</marc:subfield></marc:datafield><marc:datafield tag="650" ind1=" " ind2="7"><marc:subfield code="a">Geology.</marc:subfield><marc:subfield code="2">fast</marc:subfield><marc:subfield code="0">(OCoLC)fst00940627</marc:subfield></marc:datafield><marc:datafield tag="651" ind1=" " ind2="7"><marc:subfield code="a">California</marc:subfield><marc:subfield code="z">Riverside County.</marc:subfield><marc:subfield code="2">fast</marc:subfield><marc:subfield code="1">https://id.oclc.org/worldcat/entity/E39PBJtMqHvwQ64Bq8bxw94rMP</marc:subfield><marc:subfield code="0">(OCoLC)fst01205486</marc:subfield></marc:datafield><marc:datafield tag="655" ind1=" " ind2="7"><marc:subfield code="a">Maps.</marc:subfield><marc:subfield code="2">fast</marc:subfield><marc:subfield code="0">(OCoLC)fst01423704</marc:subfield></marc:datafield><marc:datafield tag="655" ind1=" " ind2="7"><marc:subfield code="a">Maps.</marc:subfield><marc:subfield code="2">lcgft</marc:subfield><marc:subfield code="0">https://id.loc.gov/authorities/genreForms/gf2011026387</marc:subfield></marc:datafield><marc:datafield tag="700" ind1="1" ind2=" "><marc:subfield code="a">Kennedy, Michael P.</marc:subfield><marc:subfield code="0">https://id.loc.gov/authorities/names/n50045348</marc:subfield></marc:datafield><marc:datafield tag="710" ind1="2" ind2=" "><marc:subfield code="a">Geological Survey (U.S.)</marc:subfield><marc:subfield code="0">https://id.loc.gov/authorities/names/n80092173</marc:subfield><marc:subfield code="1">https://id.oclc.org/worldcat/entity/E39QQPVp83d4Vy7x8MF6BhTJc6.</marc:subfield></marc:datafield><marc:datafield tag="830" ind1=" " ind2="0"><marc:subfield code="a">U.S. Geological Survey open-file report ;</marc:subfield><marc:subfield code="0">https://id.loc.gov/authorities/names/n86714535</marc:subfield><marc:subfield code="v">2005-1285.</marc:subfield></marc:datafield><marc:datafield tag="856" ind1="4" ind2="0"><marc:subfield code="u">https://purl.fdlp.gov/GPO/gpo235058</marc:subfield><marc:subfield code="7">0</marc:subfield></marc:datafield><marc:datafield tag="856" ind1="4" ind2=" "><marc:subfield code="z">Address at time of PURL creation</marc:subfield><marc:subfield code="u">http://pubs.usgs.gov/of/2005/1285/</marc:subfield></marc:datafield><marc:datafield tag="994" ind1=" " ind2=" "><marc:subfield code="a">C0</marc:subfield><marc:subfield code="b">GPO</marc:subfield></marc:datafield><marc:datafield tag="049" ind1=" " ind2=" "><marc:subfield code="a">XZL4</marc:subfield></marc:datafield><marc:datafield tag="955" ind1=" " ind2=" "><marc:subfield code="a">bca35 20241204</marc:subfield><marc:subfield code="b">20241204</marc:subfield></marc:datafield></marc:record>