
<marc:record><marc:leader>03071cam a2200445 i 4500</marc:leader>
<marc:controlfield tag="001">001444332</marc:controlfield>
<marc:controlfield tag="005">20241209145740.0</marc:controlfield><marc:controlfield tag="008">000804s2000    mdua     b   f100 0 eng c</marc:controlfield><marc:datafield tag="019" ind1=" " ind2=" "><marc:subfield code="a">44724044</marc:subfield><marc:subfield code="a">45708524</marc:subfield><marc:subfield code="a">1057065108</marc:subfield></marc:datafield><marc:datafield tag="035" ind1=" " ind2=" "><marc:subfield code="a">(OCoLC)44855843</marc:subfield><marc:subfield code="z">(OCoLC)44724044</marc:subfield><marc:subfield code="z">(OCoLC)45708524</marc:subfield><marc:subfield code="z">(OCoLC)1057065108</marc:subfield></marc:datafield><marc:datafield tag="040" ind1=" " ind2=" "><marc:subfield code="a">MGO</marc:subfield><marc:subfield code="b">eng</marc:subfield><marc:subfield code="e">rda</marc:subfield><marc:subfield code="c">NLM</marc:subfield><marc:subfield code="d">TOL</marc:subfield><marc:subfield code="d">GAO</marc:subfield><marc:subfield code="d">IUL</marc:subfield><marc:subfield code="d">NGU</marc:subfield><marc:subfield code="d">LVB</marc:subfield><marc:subfield code="d">CGC</marc:subfield><marc:subfield code="d">YDXCP</marc:subfield><marc:subfield code="d">SYB</marc:subfield><marc:subfield code="d">OCLCO</marc:subfield><marc:subfield code="d">OCLCQ</marc:subfield><marc:subfield code="d">OCLCO</marc:subfield><marc:subfield code="d">GOC</marc:subfield><marc:subfield code="d">IOG</marc:subfield><marc:subfield code="d">TYC</marc:subfield><marc:subfield code="d">GILDS</marc:subfield><marc:subfield code="d">OCLCF</marc:subfield><marc:subfield code="d">OCLCO</marc:subfield><marc:subfield code="d">BGU</marc:subfield><marc:subfield code="d">NLM</marc:subfield><marc:subfield code="d">OCLCO</marc:subfield><marc:subfield code="d">OCLCA</marc:subfield><marc:subfield code="d">OCLCQ</marc:subfield><marc:subfield code="d">OCLCO</marc:subfield><marc:subfield code="d">OCLCQ</marc:subfield><marc:subfield code="d">OCLCL</marc:subfield><marc:subfield code="d">OCLCQ</marc:subfield><marc:subfield code="d">GPO</marc:subfield></marc:datafield><marc:datafield tag="042" ind1=" " ind2=" "><marc:subfield code="a">nlmcopyc</marc:subfield></marc:datafield><marc:datafield tag="086" ind1="0" ind2=" "><marc:subfield code="a">HE 20.3162/3:27</marc:subfield></marc:datafield><marc:datafield tag="245" ind1="0" ind2="0"><marc:subfield code="a">Estrogens as endogenous carcinogens in the breast and prostate.</marc:subfield></marc:datafield><marc:datafield tag="264" ind1=" " ind2="1"><marc:subfield code="a">Bethesda, MD :</marc:subfield><marc:subfield code="b">National Cancer Institute,</marc:subfield><marc:subfield code="c">2000.</marc:subfield></marc:datafield><marc:datafield tag="300" ind1=" " ind2=" "><marc:subfield code="a">159 pages :</marc:subfield><marc:subfield code="b">illustrations (some color) ;</marc:subfield><marc:subfield code="c">28 cm.</marc:subfield></marc:datafield><marc:datafield tag="336" ind1=" " ind2=" "><marc:subfield code="a">text</marc:subfield><marc:subfield code="b">txt</marc:subfield><marc:subfield code="2">rdacontent</marc:subfield></marc:datafield><marc:datafield tag="337" ind1=" " ind2=" "><marc:subfield code="a">unmediated</marc:subfield><marc:subfield code="b">n</marc:subfield><marc:subfield code="2">rdamedia</marc:subfield></marc:datafield><marc:datafield tag="338" ind1=" " ind2=" "><marc:subfield code="a">volume</marc:subfield><marc:subfield code="b">nc</marc:subfield><marc:subfield code="2">rdacarrier</marc:subfield></marc:datafield><marc:datafield tag="490" ind1="1" ind2=" "><marc:subfield code="a">Journal of the National Cancer Institute. Monographs,</marc:subfield><marc:subfield code="x">0027-8874 ;</marc:subfield><marc:subfield code="v">2000, no. 27</marc:subfield></marc:datafield><marc:datafield tag="500" ind1=" " ind2=" "><marc:subfield code="a">In scope of the U.S. Government Publishing Office Cataloging and Indexing Program (C&amp;I) and Federal Depository Library Program (FDLP); distribution status could not be determined.</marc:subfield></marc:datafield><marc:datafield tag="500" ind1=" " ind2=" "><marc:subfield code="a">Cover title.</marc:subfield></marc:datafield><marc:datafield tag="504" ind1=" " ind2=" "><marc:subfield code="a">Includes bibliographical references.</marc:subfield></marc:datafield><marc:datafield tag="505" ind1="0" ind2=" "><marc:subfield code="a">Development, cellular, and molecular basis of human breast cancer -- The role of steroid hormones in prostate carcinogenesis -- Endogenous estrogens as carcinogens through metabolic activation -- Estrogens as endogenous genotoxic agents : DNA adducts and mutations -- Tissue-specific synthesis and oxidative metabolism of estrogens -- Estrogen metabolism by conjugation -- Molecular epidemiology of genetic polymorphisms in estrogen metabolizing enzymes in human breast cancer -- Estrogen receptor-mediated processes in normal and cancer cells -- Factors critical to the design and execution of epidemiologic studies and description of an innovative technology to follow the progression from normal to cancer tissue -- Hope for prevention : perspective of the cancer advocate.</marc:subfield></marc:datafield><marc:datafield tag="650" ind1=" " ind2="0"><marc:subfield code="a">Estrogen</marc:subfield><marc:subfield code="x">Carcinogenicity</marc:subfield><marc:subfield code="v">Congresses.</marc:subfield></marc:datafield><marc:datafield tag="650" ind1=" " ind2="0"><marc:subfield code="a">Breast</marc:subfield><marc:subfield code="x">Cancer</marc:subfield><marc:subfield code="v">Congresses.</marc:subfield></marc:datafield><marc:datafield tag="650" ind1=" " ind2="0"><marc:subfield code="a">Prostate</marc:subfield><marc:subfield code="x">Cancer</marc:subfield><marc:subfield code="v">Congresses.</marc:subfield></marc:datafield><marc:datafield tag="650" ind1=" " ind2="0"><marc:subfield code="a">Cancer</marc:subfield><marc:subfield code="x">Endocrine aspects</marc:subfield><marc:subfield code="v">Congresses.</marc:subfield></marc:datafield><marc:datafield tag="650" ind1=" " ind2="0"><marc:subfield code="a">Estrogen</marc:subfield><marc:subfield code="x">Carcinogenicity.</marc:subfield></marc:datafield><marc:datafield tag="650" ind1=" " ind2="0"><marc:subfield code="a">Breast</marc:subfield><marc:subfield code="x">Cancer.</marc:subfield><marc:subfield code="0">https://id.loc.gov/authorities/subjects/sh85016679</marc:subfield></marc:datafield><marc:datafield tag="650" ind1=" " ind2="0"><marc:subfield code="a">Prostate</marc:subfield><marc:subfield code="x">Cancer.</marc:subfield><marc:subfield code="0">https://id.loc.gov/authorities/subjects/sh85107606</marc:subfield></marc:datafield><marc:datafield tag="655" ind1=" " ind2="7"><marc:subfield code="a">Conference papers and proceedings.</marc:subfield><marc:subfield code="2">lcgft</marc:subfield><marc:subfield code="0">https://id.loc.gov/authorities/genreForms/gf2014026068</marc:subfield></marc:datafield><marc:datafield tag="710" ind1="2" ind2=" "><marc:subfield code="a">National Cancer Institute (U.S.),</marc:subfield><marc:subfield code="0">https://id.loc.gov/authorities/names/n79107940</marc:subfield><marc:subfield code="e">issuing body.</marc:subfield></marc:datafield><marc:datafield tag="776" ind1="0" ind2="8"><marc:subfield code="i">Online version:</marc:subfield><marc:subfield code="t">Estrogens as endogenous carcinogens in the breast and prostate</marc:subfield><marc:subfield code="w">(OCoLC)713427104</marc:subfield></marc:datafield><marc:datafield tag="830" ind1=" " ind2="0"><marc:subfield code="a">Journal of the National Cancer Institute.</marc:subfield><marc:subfield code="p">Monographs ;</marc:subfield><marc:subfield code="0">https://id.loc.gov/authorities/names/no90012510</marc:subfield><marc:subfield code="v">2000, no. 27.</marc:subfield></marc:datafield><marc:datafield tag="994" ind1=" " ind2=" "><marc:subfield code="a">C0</marc:subfield><marc:subfield code="b">GPO</marc:subfield></marc:datafield><marc:datafield tag="049" ind1=" " ind2=" "><marc:subfield code="a">GPOO</marc:subfield></marc:datafield><marc:datafield tag="955" ind1=" " ind2=" "><marc:subfield code="a">bc48 20241209</marc:subfield><marc:subfield code="b">20241209</marc:subfield></marc:datafield><marc:datafield tag="922" ind1=" " ind2=" "><marc:subfield code="a">BIBCONEW</marc:subfield><marc:subfield code="b">20241209</marc:subfield></marc:datafield><marc:datafield tag="922" ind1=" " ind2=" "><marc:subfield code="a">UNREPORTEDPUBSASKGPO</marc:subfield><marc:subfield code="b">20241209</marc:subfield></marc:datafield></marc:record>