
<marc:record><marc:leader>02886cam a22005051  4500</marc:leader>
<marc:controlfield tag="001">001444809</marc:controlfield>
<marc:controlfield tag="005">20241220121523.0</marc:controlfield><marc:controlfield tag="008">760813s1927    dcu          f000 0 eng  </marc:controlfield><marc:datafield tag="010" ind1=" " ind2=" "><marc:subfield code="a">27026885</marc:subfield></marc:datafield><marc:datafield tag="019" ind1=" " ind2=" "><marc:subfield code="a">9602076</marc:subfield><marc:subfield code="a">222729011</marc:subfield><marc:subfield code="a">1013381220</marc:subfield></marc:datafield><marc:datafield tag="035" ind1=" " ind2=" "><marc:subfield code="a">(OCoLC)2371230</marc:subfield><marc:subfield code="z">(OCoLC)9602076</marc:subfield><marc:subfield code="z">(OCoLC)222729011</marc:subfield><marc:subfield code="z">(OCoLC)1013381220</marc:subfield></marc:datafield><marc:datafield tag="040" ind1=" " ind2=" "><marc:subfield code="a">DLC</marc:subfield><marc:subfield code="b">eng</marc:subfield><marc:subfield code="c">HDC</marc:subfield><marc:subfield code="d">DLC</marc:subfield><marc:subfield code="d">CUN</marc:subfield><marc:subfield code="d">SOI</marc:subfield><marc:subfield code="d">IAS</marc:subfield><marc:subfield code="d">AAA</marc:subfield><marc:subfield code="d">OCLCA</marc:subfield><marc:subfield code="d">OCLCF</marc:subfield><marc:subfield code="d">OCLCQ</marc:subfield><marc:subfield code="d">OCLCO</marc:subfield><marc:subfield code="d">IOG</marc:subfield><marc:subfield code="d">OCLCQ</marc:subfield><marc:subfield code="d">OCLCO</marc:subfield><marc:subfield code="d">OCLCL</marc:subfield><marc:subfield code="d">OCLCQ</marc:subfield><marc:subfield code="d">OCLCL</marc:subfield><marc:subfield code="d">OCLCQ</marc:subfield><marc:subfield code="d">OCLCA</marc:subfield><marc:subfield code="d">GPO</marc:subfield></marc:datafield><marc:datafield tag="050" ind1="0" ind2="0"><marc:subfield code="a">Q11</marc:subfield><marc:subfield code="b">.S7 vol. 79</marc:subfield></marc:datafield><marc:datafield tag="082" ind1="0" ind2="4"><marc:subfield code="a">551.59083</marc:subfield><marc:subfield code="b">W927</marc:subfield></marc:datafield><marc:datafield tag="086" ind1="0" ind2=" "><marc:subfield code="a">SI 1.7:79</marc:subfield></marc:datafield><marc:datafield tag="100" ind1="1" ind2=" "><marc:subfield code="a">Clayton, Henry Helm,</marc:subfield><marc:subfield code="d">1861-1946,</marc:subfield><marc:subfield code="0">https://id.loc.gov/authorities/names/no99044783</marc:subfield><marc:subfield code="e">editor.</marc:subfield></marc:datafield><marc:datafield tag="245" ind1="1" ind2="0"><marc:subfield code="a">World weather records, collected from official sources /</marc:subfield><marc:subfield code="c">by Felix Exner, G.C. Simpson, Sir Gilbert Walker, H. Helm Clayton, Robert C. Mossman.</marc:subfield></marc:datafield><marc:datafield tag="264" ind1=" " ind2="1"><marc:subfield code="a">Washington :</marc:subfield><marc:subfield code="b">The Smithsonian Institution,</marc:subfield><marc:subfield code="c">1927.</marc:subfield></marc:datafield><marc:datafield tag="300" ind1=" " ind2=" "><marc:subfield code="a">vi, 1199 pages ;</marc:subfield><marc:subfield code="c">23 cm.</marc:subfield></marc:datafield><marc:datafield tag="336" ind1=" " ind2=" "><marc:subfield code="a">text</marc:subfield><marc:subfield code="b">txt</marc:subfield><marc:subfield code="2">rdacontent</marc:subfield></marc:datafield><marc:datafield tag="337" ind1=" " ind2=" "><marc:subfield code="a">unmediated</marc:subfield><marc:subfield code="b">n</marc:subfield><marc:subfield code="2">rdamedia</marc:subfield></marc:datafield><marc:datafield tag="338" ind1=" " ind2=" "><marc:subfield code="a">volume</marc:subfield><marc:subfield code="b">nc</marc:subfield><marc:subfield code="2">rdacarrier</marc:subfield></marc:datafield><marc:datafield tag="490" ind1="1" ind2=" "><marc:subfield code="a">Smithsonian miscellaneous collections ;</marc:subfield><marc:subfield code="v">v. 79</marc:subfield></marc:datafield><marc:datafield tag="490" ind1="1" ind2=" "><marc:subfield code="a">Publication ;</marc:subfield><marc:subfield code="v">2913</marc:subfield></marc:datafield><marc:datafield tag="500" ind1=" " ind2=" "><marc:subfield code="a">&quot;Assembled and arranged for publication by H. Helm Clayton.&quot;</marc:subfield></marc:datafield><marc:datafield tag="500" ind1=" " ind2=" "><marc:subfield code="a">&quot;Published under a grant from John A. Roebling.&quot;</marc:subfield></marc:datafield><marc:datafield tag="500" ind1=" " ind2=" "><marc:subfield code="a">&quot;August 22, 1927.&quot;</marc:subfield></marc:datafield><marc:datafield tag="525" ind1=" " ind2=" "><marc:subfield code="a">Errata (28 pages) issued May 29, 1929 as Publication 3019.</marc:subfield></marc:datafield><marc:datafield tag="580" ind1=" " ind2=" "><marc:subfield code="a">Reprinted with changes in 1944.</marc:subfield></marc:datafield><marc:datafield tag="650" ind1=" " ind2="0"><marc:subfield code="a">Meteorology</marc:subfield><marc:subfield code="v">Observations.</marc:subfield><marc:subfield code="0">https://id.loc.gov/authorities/subjects/sh85084343</marc:subfield></marc:datafield><marc:datafield tag="650" ind1=" " ind2="7"><marc:subfield code="a">Meteorology.</marc:subfield><marc:subfield code="2">fast</marc:subfield><marc:subfield code="0">(OCoLC)fst01018441</marc:subfield></marc:datafield><marc:datafield tag="655" ind1=" " ind2="7"><marc:subfield code="a">Observations.</marc:subfield><marc:subfield code="2">fast</marc:subfield><marc:subfield code="0">(OCoLC)fst01423822</marc:subfield></marc:datafield><marc:datafield tag="700" ind1="1" ind2=" "><marc:subfield code="a">Exner, Felix M.,</marc:subfield><marc:subfield code="d">1876-1930.</marc:subfield><marc:subfield code="0">https://id.loc.gov/authorities/names/n2019029183</marc:subfield></marc:datafield><marc:datafield tag="700" ind1="1" ind2=" "><marc:subfield code="a">Simpson, G. C.</marc:subfield><marc:subfield code="q">(George Clarke),</marc:subfield><marc:subfield code="c">Sir,</marc:subfield><marc:subfield code="d">1878-1965.</marc:subfield><marc:subfield code="0">https://id.loc.gov/authorities/names/no99068092</marc:subfield></marc:datafield><marc:datafield tag="700" ind1="1" ind2=" "><marc:subfield code="a">Walker, Gilbert Thomas,</marc:subfield><marc:subfield code="c">Sir,</marc:subfield><marc:subfield code="d">1868-1958.</marc:subfield><marc:subfield code="0">https://id.loc.gov/authorities/names/n87120909</marc:subfield></marc:datafield><marc:datafield tag="700" ind1="1" ind2=" "><marc:subfield code="a">Mossman, R. C.</marc:subfield><marc:subfield code="q">(Robert Cockburn),</marc:subfield><marc:subfield code="d">1870-</marc:subfield><marc:subfield code="0">https://id.loc.gov/authorities/names/no00012438</marc:subfield></marc:datafield><marc:datafield tag="710" ind1="2" ind2=" "><marc:subfield code="a">Smithsonian Institution.</marc:subfield><marc:subfield code="0">https://id.loc.gov/authorities/names/n79053968</marc:subfield></marc:datafield><marc:datafield tag="770" ind1="0" ind2="8"><marc:subfield code="i">Errata supplement:</marc:subfield><marc:subfield code="a">Clayton, Henry Helm, 1861-1946.</marc:subfield><marc:subfield code="t">World weather records.</marc:subfield><marc:subfield code="d">Washington : Smithsonian Institution, 1929</marc:subfield><marc:subfield code="w">(OCoLC)49244366</marc:subfield></marc:datafield><marc:datafield tag="775" ind1="0" ind2="8"><marc:subfield code="i">Reprinted as:</marc:subfield><marc:subfield code="t">World weather records.</marc:subfield><marc:subfield code="d">Washington, Smithsonian Institution, 1944</marc:subfield><marc:subfield code="w">(OCoLC)10890792</marc:subfield></marc:datafield><marc:datafield tag="776" ind1="0" ind2="8"><marc:subfield code="i">Online version:</marc:subfield><marc:subfield code="a">Clayton, Henry Helm, 1861-1946.</marc:subfield><marc:subfield code="t">World weather records, collected from official sources.</marc:subfield><marc:subfield code="d">Washington, Smithsonian Institution, 1927</marc:subfield><marc:subfield code="w">(OCoLC)652330521</marc:subfield></marc:datafield><marc:datafield tag="830" ind1=" " ind2="0"><marc:subfield code="a">Smithsonian miscellaneous collections ;</marc:subfield><marc:subfield code="0">https://id.loc.gov/authorities/names/n84712022</marc:subfield><marc:subfield code="v">v. 79.</marc:subfield></marc:datafield><marc:datafield tag="830" ind1=" " ind2="0"><marc:subfield code="a">Publication (Smithsonian Institution) ;</marc:subfield><marc:subfield code="0">https://id.loc.gov/authorities/names/n83826384</marc:subfield><marc:subfield code="v">2913.</marc:subfield></marc:datafield><marc:datafield tag="994" ind1=" " ind2=" "><marc:subfield code="a">C0</marc:subfield><marc:subfield code="b">GPO</marc:subfield></marc:datafield><marc:datafield tag="049" ind1=" " ind2=" "><marc:subfield code="a">XZLN</marc:subfield></marc:datafield><marc:datafield tag="955" ind1=" " ind2=" "><marc:subfield code="a">bc31 20241220</marc:subfield><marc:subfield code="b">20241220</marc:subfield></marc:datafield></marc:record>